<?xml version="1.0" encoding="UTF-8"?>
<!DOCTYPE html PUBLIC "-//W3C//DTD XHTML 1.0 Transitional//EN"
    "http://www.w3.org/TR/xhtml1/DTD/xhtml1-transitional.dtd">
<html xmlns="http://www.w3.org/1999/xhtml" xml:lang="en" lang="en">
 <head>
  <title>
</title>
<meta http-equiv="Content-Type" content="text/html;charset=utf-8" />
  <meta name='ocr-system' content='tesseract 3.04.00' />
  <meta name='ocr-capabilities' content='ocr_page ocr_carea ocr_par ocr_line ocrx_word'/>
</head>
<body>
  <div class='ocr_page' id='page_1' title='image "./depindariususyn00erdmgoog_0105.png"; bbox 0 0 3066 4928; ppageno 0'>
   <div class='ocr_carea' id='block_1_1' title="bbox 213 225 252 282">
    <p class='ocr_par' dir='ltr' id='par_1_1' title="bbox 213 225 252 282">
     <span class='ocr_line' id='line_1_1' title="bbox 213 225 252 282; baseline 0.026 -1"><span class='ocrx_word' id='word_1_1' title='bbox 213 225 252 282; x_wconf 79' lang='grc'>92</span> 
     </span>
    </p>
   </div>
   <div class='ocr_carea' id='block_1_2' title="bbox 208 415 1329 3190">
    <p class='ocr_par' dir='ltr' id='par_1_2' title="bbox 212 415 1321 596">
     <span class='ocr_line' id='line_1_2' title="bbox 212 415 1321 495; baseline 0.003 -23"><span class='ocrx_word' id='word_1_2' title='bbox 212 432 343 474; x_wconf 82' lang='lat' dir='ltr'>excursu</span> <span class='ocrx_word' id='word_1_3' title='bbox 367 415 405 474; x_wconf 88' lang='lat' dir='ltr'>de</span> <span class='ocrx_word' id='word_1_4' title='bbox 432 415 596 495; x_wconf 85' lang='lat' dir='ltr'>asyndeto;</span> <span class='ocrx_word' id='word_1_5' title='bbox 623 417 678 477; x_wconf 87' lang='lat' dir='ltr'>sed</span> <span class='ocrx_word' id='word_1_6' title='bbox 700 434 718 476; x_wconf 88' lang='lat' dir='ltr'>e</span> <span class='ocrx_word' id='word_1_7' title='bbox 740 417 928 495; x_wconf 85' lang='lat' dir='ltr'>singulorum</span> <span class='ocrx_word' id='word_1_8' title='bbox 957 417 1091 478; x_wconf 81' lang='lat' dir='ltr'>locorum</span> <span class='ocrx_word' id='word_1_9' title='bbox 1112 415 1321 477; x_wconf 68' lang='lat' dir='ltr'>distributione</span> 
     </span>
     <span class='ocr_line' id='line_1_3' title="bbox 213 513 1278 596; baseline 0.004 -20"><span class='ocrx_word' id='word_1_10' title='bbox 213 521 244 578; x_wconf 89' lang='lat' dir='ltr'>et</span> <span class='ocrx_word' id='word_1_11' title='bbox 266 517 475 595; x_wconf 85' lang='lat' dir='ltr'>distinetione,</span> <span class='ocrx_word' id='word_1_12' title='bbox 496 539 534 580; x_wconf 88' lang='lat' dir='ltr'>no</span> <span class='ocrx_word' id='word_1_13' title='bbox 559 521 647 582; x_wconf 88' lang='lat' dir='ltr'>nimis</span> <span class='ocrx_word' id='word_1_14' title='bbox 669 520 787 581; x_wconf 89' lang='lat' dir='ltr'>subtilis</span> <span class='ocrx_word' id='word_1_15' title='bbox 809 540 878 580; x_wconf 87' lang='lat' dir='ltr'>esse</span> <span class='ocrx_word' id='word_1_16' title='bbox 900 521 1019 596; x_wconf 87' lang='lat' dir='ltr'>videar,</span> <span class='ocrx_word' id='word_1_17' title='bbox 1049 521 1214 581; x_wconf 73' lang='lat' dir='ltr'>abstinebo.</span> <span class='ocrx_word' id='word_1_18' title='bbox 1236 513 1278 564; x_wconf 66' lang='lat'>-&#39;-</span> 
     </span>
    </p>

    <p class='ocr_par' dir='ltr' id='par_1_3' title="bbox 213 621 1329 801">
     <span class='ocr_line' id='line_1_4' title="bbox 299 621 1329 706; baseline 0.001 -24"><span class='ocrx_word' id='word_1_19' title='bbox 299 621 599 690; x_wconf 85' lang='lat' dir='ltr'>Parentheseos</span> <span class='ocrx_word' id='word_1_20' title='bbox 635 625 775 704; x_wconf 86' lang='lat' dir='ltr'>exempla</span> <span class='ocrx_word' id='word_1_21' title='bbox 812 632 884 686; x_wconf 86' lang='lat' dir='ltr'>sunt</span> <span class='ocrx_word' id='word_1_22' title='bbox 913 627 948 686; x_wconf 89' lang='lat' dir='ltr'>ol</span> <span class='ocrx_word' id='word_1_23' title='bbox 973 627 1011 700; x_wconf 88' lang='lat'>8,</span> <span class='ocrx_word' id='word_1_24' title='bbox 1049 629 1100 688; x_wconf 77' lang='grc'>98.</span> <span class='ocrx_word' id='word_1_25' title='bbox 1138 645 1167 706; x_wconf 87' lang='lat' dir='ltr'>p.</span> <span class='ocrx_word' id='word_1_26' title='bbox 1193 626 1329 699; x_wconf 77' lang='lat'>10,45..</span> 
     </span>
     <span class='ocr_line' id='line_1_5' title="bbox 213 729 469 801; baseline 0.012 -17"><span class='ocrx_word' id='word_1_27' title='bbox 213 745 241 784; x_wconf 83' lang='lat' dir='ltr'>n.</span> <span class='ocrx_word' id='word_1_28' title='bbox 266 730 325 801; x_wconf 87' lang='lat'>11,</span> <span class='ocrx_word' id='word_1_29' title='bbox 348 729 397 788; x_wconf 90' lang='lat'>30.</span> <span class='ocrx_word' id='word_1_30' title='bbox 417 730 469 793; x_wconf 76' lang='grc' dir='ltr'>ιο.</span> 
     </span>
    </p>

    <p class='ocr_par' dir='ltr' id='par_1_4' title="bbox 208 829 1322 3190">
     <span class='ocr_line' id='line_1_6' title="bbox 299 829 1321 913; baseline 0.001 -23"><span class='ocrx_word' id='word_1_31' title='bbox 299 829 415 892; x_wconf 82' lang='grc' dir='ltr'><em>Εοδειιι</em></span> <span class='ocrx_word' id='word_1_32' title='bbox 445 832 578 912; x_wconf 80' lang='lat' dir='ltr'>pertinet</span> <span class='ocrx_word' id='word_1_33' title='bbox 605 852 680 892; x_wconf 91' lang='lat' dir='ltr'>usus</span> <span class='ocrx_word' id='word_1_34' title='bbox 710 832 785 892; x_wconf 84' lang='lat' dir='ltr'>satis</span> <span class='ocrx_word' id='word_1_35' title='bbox 821 832 966 911; x_wconf 84' lang='lat' dir='ltr'>vulgatus</span> <span class='ocrx_word' id='word_1_36' title='bbox 994 833 1074 913; x_wconf 88' lang='lat' dir='ltr'>apud</span> <span class='ocrx_word' id='word_1_37' title='bbox 1095 831 1259 892; x_wconf 85' lang='lat' dir='ltr'>Pindarum</span> <span class='ocrx_word' id='word_1_38' title='bbox 1286 832 1321 907; x_wconf 88' lang='lat' dir='ltr'>is,</span> 
     </span>
     <span class='ocr_line' id='line_1_7' title="bbox 212 933 1321 1017; baseline 0.001 -24"><span class='ocrx_word' id='word_1_39' title='bbox 212 933 296 994; x_wconf 91' lang='lat' dir='ltr'>utin</span> <span class='ocrx_word' id='word_1_40' title='bbox 318 936 689 1017; x_wconf 81' lang='lat' dir='ltr'>comparationibus</span> <span class='ocrx_word' id='word_1_41' title='bbox 717 941 932 997; x_wconf 87' lang='lat' dir='ltr'>enumerentur</span> <span class='ocrx_word' id='word_1_42' title='bbox 958 939 1075 996; x_wconf 86' lang='lat' dir='ltr'>tantum</span> <span class='ocrx_word' id='word_1_43' title='bbox 1103 955 1155 1010; x_wconf 88' lang='lat' dir='ltr'>ea,</span> <span class='ocrx_word' id='word_1_44' title='bbox 1184 953 1262 1015; x_wconf 88' lang='lat' dir='ltr'>quae</span> <span class='ocrx_word' id='word_1_45' title='bbox 1290 935 1321 994; x_wconf 91' lang='lat' dir='ltr'>in</span> 
     </span>
     <span class='ocr_line' id='line_1_8' title="bbox 211 1038 1322 1121; baseline 0.001 -24"><span class='ocrx_word' id='word_1_46' title='bbox 211 1038 303 1098; x_wconf 86' lang='lat' dir='ltr'>rebus</span> <span class='ocrx_word' id='word_1_47' title='bbox 323 1038 416 1100; x_wconf 82' lang='lat' dir='ltr'>variis</span> <span class='ocrx_word' id='word_1_48' title='bbox 437 1039 545 1100; x_wconf 81' lang='lat' dir='ltr'>similia</span> <span class='ocrx_word' id='word_1_49' title='bbox 563 1040 741 1118; x_wconf 81' lang='lat' dir='ltr'>videantur,</span> <span class='ocrx_word' id='word_1_50' title='bbox 767 1039 851 1100; x_wconf 87' lang='lat' dir='ltr'>nulls</span> <span class='ocrx_word' id='word_1_51' title='bbox 873 1039 976 1100; x_wconf 83' lang='lat' dir='ltr'>addita</span> <span class='ocrx_word' id='word_1_52' title='bbox 999 1038 1231 1121; x_wconf 82' lang='lat' dir='ltr'>comparationis</span> <span class='ocrx_word' id='word_1_53' title='bbox 1255 1057 1322 1118; x_wconf 92' lang='lat' dir='ltr'>par·</span> 
     </span>
     <span class='ocr_line' id='line_1_9' title="bbox 213 1141 1321 1225; baseline 0.001 -24"><span class='ocrx_word' id='word_1_54' title='bbox 213 1141 320 1217; x_wconf 78' lang='lat' dir='ltr'>titula,</span> <span class='ocrx_word' id='word_1_55' title='bbox 341 1142 384 1202; x_wconf 88' lang='lat' dir='ltr'>ita</span> <span class='ocrx_word' id='word_1_56' title='bbox 406 1145 441 1204; x_wconf 91' lang='lat' dir='ltr'>ut</span> <span class='ocrx_word' id='word_1_57' title='bbox 462 1146 516 1203; x_wconf 82' lang='lat' dir='ltr'>aut</span> <span class='ocrx_word' id='word_1_58' title='bbox 534 1162 659 1223; x_wconf 88' lang='lat' dir='ltr'>prorsus</span> <span class='ocrx_word' id='word_1_59' title='bbox 681 1144 747 1204; x_wconf 89' lang='lat' dir='ltr'>sine</span> <span class='ocrx_word' id='word_1_60' title='bbox 768 1144 977 1224; x_wconf 79' lang='lat' dir='ltr'>conjunctione</span> <span class='ocrx_word' id='word_1_61' title='bbox 1001 1143 1157 1225; x_wconf 81' lang='lat' dir='ltr'>appositae</span> <span class='ocrx_word' id='word_1_62' title='bbox 1172 1143 1234 1204; x_wconf 88' lang='lat' dir='ltr'>sint</span> <span class='ocrx_word' id='word_1_63' title='bbox 1255 1162 1321 1202; x_wconf 86' lang='lat' dir='ltr'>sen-</span> 
     </span>
     <span class='ocr_line' id='line_1_10' title="bbox 211 1234 1321 1330; baseline 0 -25"><span class='ocrx_word' id='word_1_64' title='bbox 211 1245 339 1307; x_wconf 88' lang='lat' dir='ltr'>tentiae:</span> <span class='ocrx_word' id='word_1_65' title='bbox 363 1245 400 1306; x_wconf 92' lang='lat' dir='ltr'>ol.</span> <span class='ocrx_word' id='word_1_66' title='bbox 417 1250 445 1323; x_wconf 82' lang='lat'>2,</span> <span class='ocrx_word' id='word_1_67' title='bbox 459 1250 499 1308; x_wconf 83' lang='lat'>98</span> <span class='ocrx_word' id='word_1_68' title='bbox 526 1240 660 1330; x_wconf 85' lang='grc' dir='ltr'><em>ψάμμος</em></span> <span class='ocrx_word' id='word_1_69' title='bbox 680 1234 822 1330; x_wconf 76' lang='grc' dir='ltr'><em>άριθμδν</em></span> <span class='ocrx_word' id='word_1_70' title='bbox 843 1241 1094 1330; x_wconf 78' lang='grc' dir='ltr'><em>περιπέφευγεν·</em></span> <span class='ocrx_word' id='word_1_71' title='bbox 1116 1241 1241 1321; x_wconf 78' lang='grc' dir='ltr'><em>ἐκεῖνος</em></span> <span class='ocrx_word' id='word_1_72' title='bbox 1260 1239 1321 1307; x_wconf 83' lang='grc' dir='ltr'><em>ὅσα</em></span> 
     </span>
     <span class='ocr_line' id='line_1_11' title="bbox 209 1339 1320 1434; baseline 0 -25"><span class='ocrx_word' id='word_1_73' title='bbox 209 1339 342 1431; x_wconf 81' lang='grc' dir='ltr'><strong><em>χάρματ’</em></strong></span> <span class='ocrx_word' id='word_1_74' title='bbox 365 1340 475 1424; x_wconf 73' lang='grc' dir='ltr'><em>ἄλλοις</em></span> <span class='ocrx_word' id='word_1_75' title='bbox 495 1343 612 1433; x_wconf 77' lang='grc' dir='ltr'><em>ἔθηκε,</em></span> <span class='ocrx_word' id='word_1_76' title='bbox 641 1343 693 1424; x_wconf 93' lang='grc' dir='ltr'>τίς</span> <span class='ocrx_word' id='word_1_77' title='bbox 721 1343 760 1412; x_wconf 77' lang='lat' dir='ltr'>dv</span> <span class='ocrx_word' id='word_1_78' title='bbox 790 1341 914 1434; x_wconf 79' lang='grc' dir='ltr'><em>φράσαι</em></span> <span class='ocrx_word' id='word_1_79' title='bbox 937 1345 1080 1422; x_wconf 85' lang='grc' dir='ltr'><em>δυ’ναιτο;</em></span> <span class='ocrx_word' id='word_1_80' title='bbox 1104 1353 1158 1410; x_wconf 86' lang='lat' dir='ltr'>aut</span> <span class='ocrx_word' id='word_1_81' title='bbox 1179 1370 1234 1432; x_wconf 87' lang='lat' dir='ltr'>per</span> <span class='ocrx_word' id='word_1_82' title='bbox 1255 1369 1320 1410; x_wconf 93' lang='lat' dir='ltr'>oon-</span> 
     </span>
     <span class='ocr_line' id='line_1_12' title="bbox 208 1447 1321 1535; baseline 0.002 -24"><span class='ocrx_word' id='word_1_83' title='bbox 208 1451 380 1532; x_wconf 86' lang='lat' dir='ltr'>junotiones</span> <span class='ocrx_word' id='word_1_84' title='bbox 401 1447 560 1532; x_wconf 84' lang='grc' dir='ltr'><em>μέν-δέ</em></span> <span class='ocrx_word' id='word_1_85' title='bbox 587 1454 653 1514; x_wconf 83' lang='lat' dir='ltr'>sivo</span> <span class='ocrx_word' id='word_1_86' title='bbox 682 1447 720 1514; x_wconf 83' lang='grc' dir='ltr'>δέ</span> <span class='ocrx_word' id='word_1_87' title='bbox 741 1454 838 1514; x_wconf 83' lang='grc' dir='ltr'><em>οοΙιιιιι</em></span> <span class='ocrx_word' id='word_1_88' title='bbox 867 1455 1006 1534; x_wconf 79' lang='lat' dir='ltr'>singulae</span> <span class='ocrx_word' id='word_1_89' title='bbox 1029 1453 1197 1515; x_wconf 86' lang='lat' dir='ltr'>sententiae</span> <span class='ocrx_word' id='word_1_90' title='bbox 1219 1456 1321 1535; x_wconf 70' lang='lat' dir='ltr'>partes</span> 
     </span>
     <span class='ocr_line' id='line_1_13' title="bbox 212 1548 1320 1641; baseline 0.003 -27"><span class='ocrx_word' id='word_1_91' title='bbox 212 1555 453 1634; x_wconf 80' lang='lat' dir='ltr'>distinguantur:</span> <span class='ocrx_word' id='word_1_92' title='bbox 486 1557 522 1616; x_wconf 93' lang='lat' dir='ltr'>ol.</span> <span class='ocrx_word' id='word_1_93' title='bbox 547 1561 582 1633; x_wconf 90' lang='lat'>1,</span> <span class='ocrx_word' id='word_1_94' title='bbox 604 1560 619 1615; x_wconf 96' lang='lat'>1</span> <span class='ocrx_word' id='word_1_95' title='bbox 642 1548 775 1639; x_wconf 85' lang='grc' dir='ltr'><em>ίίριστου</em></span> <span class='ocrx_word' id='word_1_96' title='bbox 796 1552 857 1636; x_wconf 84' lang='grc' dir='ltr'>μὲν</span> <span class='ocrx_word' id='word_1_97' title='bbox 879 1549 1013 1641; x_wconf 58' lang='lat' dir='ltr'>idue-t</span> <span class='ocrx_word' id='word_1_98' title='bbox 1035 1551 1072 1618; x_wconf 83' lang='grc' dir='ltr'>δὲ</span> <span class='ocrx_word' id='word_1_99' title='bbox 1092 1552 1208 1640; x_wconf 86' lang='grc' dir='ltr'><em>χρυσός</em></span> <span class='ocrx_word' id='word_1_100' title='bbox 1227 1549 1320 1618; x_wconf 68' lang='lat' dir='ltr'>alud</span> 
     </span>
     <span class='ocr_line' id='line_1_14' title="bbox 210 1651 1320 1744; baseline 0 -25"><span class='ocrx_word' id='word_1_101' title='bbox 210 1679 304 1738; x_wconf 86' lang='grc' dir='ltr'><em>μενον</em></span> <span class='ocrx_word' id='word_1_102' title='bbox 319 1661 386 1740; x_wconf 83' lang='grc' dir='ltr'><em>πῦρ</em></span> <span class='ocrx_word' id='word_1_103' title='bbox 411 1651 468 1720; x_wconf 81' lang='grc' dir='ltr'>ἅτε</span> <span class='ocrx_word' id='word_1_104' title='bbox 490 1654 671 1741; x_wconf 80' lang='grc' dir='ltr'><em>διαπρέπει</em></span> <span class='ocrx_word' id='word_1_105' title='bbox 693 1655 781 1722; x_wconf 81' lang='grc' dir='ltr'><em>νυκτί</em></span> <span class='ocrx_word' id='word_1_106' title='bbox 801 1651 978 1744; x_wconf 79' lang='grc' dir='ltr'><em>μεγάνορος</em></span> <span class='ocrx_word' id='word_1_107' title='bbox 1000 1652 1094 1738; x_wconf 70' lang='grc' dir='ltr'><em>ἔξοχα</em></span> <span class='ocrx_word' id='word_1_108' title='bbox 1116 1655 1258 1722; x_wconf 85' lang='grc' dir='ltr'><em>πλοίπου</em></span> <span class='ocrx_word' id='word_1_109' title='bbox 1278 1680 1320 1739; x_wconf 88' lang='lat' dir='ltr'>sq.</span> 
     </span>
     <span class='ocr_line' id='line_1_15' title="bbox 211 1751 1321 1846; baseline 0.004 -26"><span class='ocrx_word' id='word_1_110' title='bbox 211 1782 239 1821; x_wconf 95' lang='lat' dir='ltr'>n.</span> <span class='ocrx_word' id='word_1_111' title='bbox 259 1766 289 1840; x_wconf 84' lang='lat'>4,</span> <span class='ocrx_word' id='word_1_112' title='bbox 312 1767 352 1824; x_wconf 82' lang='lat'>82</span> <span class='ocrx_word' id='word_1_113' title='bbox 376 1755 530 1845; x_wconf 85' lang='grc' dir='ltr'><em>δγροσδς</em></span> <span class='ocrx_word' id='word_1_114' title='bbox 551 1754 713 1846; x_wconf 75' lang='grc' dir='ltr'><em>ἑψόμενος</em></span> <span class='ocrx_word' id='word_1_115' title='bbox 735 1751 834 1844; x_wconf 77' lang='grc' dir='ltr'><em>αὐγάς</em></span> <span class='ocrx_word' id='word_1_116' title='bbox 857 1755 977 1836; x_wconf 71' lang='grc' dir='ltr'><em>ἔδειξεν</em></span> <span class='ocrx_word' id='word_1_117' title='bbox 997 1753 1146 1840; x_wconf 83' lang='grc' dir='ltr'><em>ἁπάσας,</em></span> <span class='ocrx_word' id='word_1_118' title='bbox 1168 1756 1265 1843; x_wconf 81' lang='grc' dir='ltr'><em>ίμνδς</em></span> <span class='ocrx_word' id='word_1_119' title='bbox 1287 1757 1321 1825; x_wconf 75' lang='grc' dir='ltr'>δὲ</span> 
     </span>
     <span class='ocr_line' id='line_1_16' title="bbox 213 1858 1320 1950; baseline 0.001 -24"><span class='ocrx_word' id='word_1_120' title='bbox 213 1899 255 1909; x_wconf 92' lang='grc'><strong>-</strong></span> <span class='ocrx_word' id='word_1_121' title='bbox 269 1863 455 1945; x_wconf 71' lang='grc' dir='ltr'><em>βασιλεῦσιν</em></span> <span class='ocrx_word' id='word_1_122' title='bbox 479 1859 673 1946; x_wconf 75' lang='grc' dir='ltr'><em>ἰσοδαίμονα</em></span> <span class='ocrx_word' id='word_1_123' title='bbox 695 1858 798 1944; x_wconf 73' lang='grc' dir='ltr'><em>τείχει</em></span> <span class='ocrx_word' id='word_1_124' title='bbox 819 1867 921 1950; x_wconf 83' lang='grc' dir='ltr'><em>φῶτα.</em></span> <span class='ocrx_word' id='word_1_125' title='bbox 966 1866 1003 1927; x_wconf 84' lang='grc' dir='ltr'>ολ</span> <span class='ocrx_word' id='word_1_126' title='bbox 1027 1870 1076 1944; x_wconf 92' lang='grc'>10,</span> <span class='ocrx_word' id='word_1_127' title='bbox 1103 1870 1202 1928; x_wconf 81' lang='grc'>1-5.</span> <span class='ocrx_word' id='word_1_128' title='bbox 1233 1887 1264 1928; x_wconf 89' lang='grc' dir='ltr'>ιι.</span> <span class='ocrx_word' id='word_1_129' title='bbox 1288 1874 1320 1941; x_wconf 80' lang='grc'>2;</span> 
     </span>
     <span class='ocr_line' id='line_1_17' title="bbox 212 1957 1320 2054; baseline 0.004 -27"><span class='ocrx_word' id='word_1_130' title='bbox 212 1970 253 2027; x_wconf 88' lang='grc'>14</span> <span class='ocrx_word' id='word_1_131' title='bbox 272 1963 397 2052; x_wconf 80' lang='grc' dir='ltr'><em>Ἕκτωρ</em></span> <span class='ocrx_word' id='word_1_132' title='bbox 426 1963 486 2049; x_wconf 79' lang='grc' dir='ltr'>μὲν</span> <span class='ocrx_word' id='word_1_133' title='bbox 504 1961 656 2043; x_wconf 81' lang='grc' dir='ltr'><em>Αἴαντος</em></span> <span class='ocrx_word' id='word_1_134' title='bbox 683 1961 831 2031; x_wconf 84' lang='grc' dir='ltr'><em>άκουσεν·</em></span> <span class='ocrx_word' id='word_1_135' title='bbox 859 1960 885 2030; x_wconf 80' lang='grc' dir='ltr'>ιδ</span> <span class='ocrx_word' id='word_1_136' title='bbox 916 1964 1097 2054; x_wconf 86' lang='grc' dir='ltr'><em>Τιμόδημε,</em></span> <span class='ocrx_word' id='word_1_137' title='bbox 1125 1963 1162 2031; x_wconf 82' lang='grc' dir='ltr'><em>οδ</em></span> <span class='ocrx_word' id='word_1_138' title='bbox 1190 1966 1218 2030; x_wconf 86' lang='grc' dir='ltr'>δ’</span> <span class='ocrx_word' id='word_1_139' title='bbox 1239 1957 1320 2031; x_wconf 87' lang='grc' dir='ltr'><em>άλκὰ</em></span> 
     </span>
     <span class='ocr_line' id='line_1_18' title="bbox 211 2061 1321 2156; baseline 0 -22"><span class='ocrx_word' id='word_1_140' title='bbox 211 2065 414 2156; x_wconf 78' lang='grc' dir='ltr'><em>παγκρατίου</em></span> <span class='ocrx_word' id='word_1_141' title='bbox 442 2064 609 2152; x_wconf 79' lang='grc' dir='ltr'><em>τλάθυμος</em></span> <span class='ocrx_word' id='word_1_142' title='bbox 636 2061 731 2150; x_wconf 83' lang='grc' dir='ltr'><em>άέξει.</em></span> <span class='ocrx_word' id='word_1_143' title='bbox 774 2093 803 2134; x_wconf 88' lang='grc' dir='ltr'>ιι.</span> <span class='ocrx_word' id='word_1_144' title='bbox 829 2078 866 2149; x_wconf 90' lang='grc'>9,</span> <span class='ocrx_word' id='word_1_145' title='bbox 890 2077 929 2134; x_wconf 90' lang='grc'>39</span> <span class='ocrx_word' id='word_1_146' title='bbox 962 2066 1236 2156; x_wconf 82' lang='grc' dir='ltr'><em>λέγεταιἛκτορι</em></span> <span class='ocrx_word' id='word_1_147' title='bbox 1264 2069 1321 2153; x_wconf 81' lang='grc' dir='ltr'>μὲν</span> 
     </span>
     <span class='ocr_line' id='line_1_19' title="bbox 210 2163 1320 2262; baseline 0 -25"><span class='ocrx_word' id='word_1_148' title='bbox 210 2171 303 2250; x_wconf 83' lang='grc' dir='ltr'><em>κλέος</em></span> <span class='ocrx_word' id='word_1_149' title='bbox 333 2163 478 2259; x_wconf 75' lang='grc' dir='ltr'><em>άνθῆσαι</em></span> <span class='ocrx_word' id='word_1_150' title='bbox 499 2170 708 2261; x_wconf 77' lang='grc' dir='ltr'><em>Σκαμάνδρου</em></span> <span class='ocrx_word' id='word_1_151' title='bbox 734 2167 889 2256; x_wconf 80' lang='grc' dir='ltr'><em>χείμασιν</em></span> <span class='ocrx_word' id='word_1_152' title='bbox 914 2168 1009 2257; x_wconf 76' lang='grc' dir='ltr'><em>ἀγχοῦ</em></span> <span class='ocrx_word' id='word_1_153' title='bbox 1016 2224 1024 2254; x_wconf 88' lang='grc'>,</span> <span class='ocrx_word' id='word_1_154' title='bbox 1059 2177 1320 2262; x_wconf 78' lang='grc' dir='ltr'><em>βαθυκρημνοῖοι</em></span> 
     </span>
     <span class='ocr_line' id='line_1_20' title="bbox 210 2267 1320 2363; baseline 0 -21"><span class='ocrx_word' id='word_1_155' title='bbox 210 2277 237 2342; x_wconf 88' lang='grc' dir='ltr'>δ’</span> <span class='ocrx_word' id='word_1_156' title='bbox 266 2268 345 2363; x_wconf 79' lang='grc' dir='ltr'><em>ἄμφ’</em></span> <span class='ocrx_word' id='word_1_157' title='bbox 376 2273 492 2354; x_wconf 82' lang='grc' dir='ltr'><em>ἀκταῖς</em></span> <span class='ocrx_word' id='word_1_158' title='bbox 516 2273 654 2362; x_wconf 82' lang='grc' dir='ltr'><em>Ἑλώρου</em></span> <span class='ocrx_word' id='word_1_159' title='bbox 682 2273 831 2363; x_wconf 79' lang='grc' dir='ltr'><em>δέδορκεν</em></span> <span class='ocrx_word' id='word_1_160' title='bbox 860 2274 959 2343; x_wconf 86' lang='grc' dir='ltr'><em>παιδὶ</em></span> <span class='ocrx_word' id='word_1_161' title='bbox 989 2267 1073 2341; x_wconf 73' lang='grc' dir='ltr'><em>τοῦτ’</em></span> <span class='ocrx_word' id='word_1_162' title='bbox 1100 2271 1320 2363; x_wconf 75' lang='grc' dir='ltr'><em>Ἁγησιδάμου</em></span> 
     </span>
     <span class='ocr_line' id='line_1_21' title="bbox 209 2373 1321 2467; baseline -0.003 -22"><span class='ocrx_word' id='word_1_163' title='bbox 209 2378 337 2467; x_wconf 82' lang='grc' dir='ltr'><em>φέγγος.</em></span> <span class='ocrx_word' id='word_1_164' title='bbox 374 2405 404 2451; x_wconf 81' lang='grc' dir='ltr'>ιι,</span> <span class='ocrx_word' id='word_1_165' title='bbox 425 2389 460 2460; x_wconf 81' lang='lat'>2,</span> <span class='ocrx_word' id='word_1_166' title='bbox 485 2386 512 2444; x_wconf 89' lang='grc'>6.</span> <span class='ocrx_word' id='word_1_167' title='bbox 545 2386 586 2443; x_wconf 92' lang='grc'>10</span> <span class='ocrx_word' id='word_1_168' title='bbox 616 2376 740 2467; x_wconf 81' lang='grc' dir='ltr'><em>ὀφείλει</em></span> <span class='ocrx_word' id='word_1_169' title='bbox 770 2377 807 2446; x_wconf 79' lang='grc' dir='ltr'>δὲ</span> <span class='ocrx_word' id='word_1_170' title='bbox 823 2420 864 2429; x_wconf 89' lang='grc'><strong>-</strong></span> <span class='ocrx_word' id='word_1_171' title='bbox 881 2376 950 2445; x_wconf 75' lang='grc' dir='ltr'><em>ἔστι</em></span> <span class='ocrx_word' id='word_1_172' title='bbox 981 2380 1008 2445; x_wconf 93' lang='grc' dir='ltr'>δ’</span> <span class='ocrx_word' id='word_1_173' title='bbox 1031 2373 1154 2460; x_wconf 74' lang='grc' dir='ltr'>ίιοικός,Ι</span> <span class='ocrx_word' id='word_1_174' title='bbox 1184 2385 1237 2444; x_wconf 84' lang='lat' dir='ltr'>aut</span> <span class='ocrx_word' id='word_1_175' title='bbox 1266 2403 1321 2464; x_wconf 88' lang='lat' dir='ltr'>per</span> 
     </span>
     <span class='ocr_line' id='line_1_22' title="bbox 210 2479 1320 2569; baseline -0.003 -20"><span class='ocrx_word' id='word_1_176' title='bbox 210 2487 435 2568; x_wconf 81' lang='lat' dir='ltr'>conjunctiones</span> <span class='ocrx_word' id='word_1_177' title='bbox 459 2480 515 2548; x_wconf 92' lang='grc' dir='ltr'><em>καί</em></span> <span class='ocrx_word' id='word_1_178' title='bbox 532 2523 573 2532; x_wconf 96' lang='grc'><strong>-</strong></span> <span class='ocrx_word' id='word_1_179' title='bbox 588 2480 658 2548; x_wconf 79' lang='lat' dir='ltr'>nai:</span> <span class='ocrx_word' id='word_1_180' title='bbox 688 2508 717 2569; x_wconf 89' lang='lat' dir='ltr'>p.</span> <span class='ocrx_word' id='word_1_181' title='bbox 741 2489 798 2562; x_wconf 91' lang='grc'>10,</span> <span class='ocrx_word' id='word_1_182' title='bbox 824 2490 864 2547; x_wconf 85' lang='grc'>67</span> <span class='ocrx_word' id='word_1_183' title='bbox 893 2489 1049 2569; x_wconf 79' lang='grc' dir='ltr'><em>πειρῶντι</em></span> <span class='ocrx_word' id='word_1_184' title='bbox 1070 2480 1126 2547; x_wconf 81' lang='grc' dir='ltr'><em>καί</em></span> <span class='ocrx_word' id='word_1_185' title='bbox 1147 2480 1264 2568; x_wconf 85' lang='grc' dir='ltr'><em>χρυσὸς</em></span> <span class='ocrx_word' id='word_1_186' title='bbox 1286 2479 1320 2548; x_wconf 77' lang='grc' dir='ltr'><em>ἐν</em></span> 
     </span>
     <span class='ocr_line' id='line_1_23' title="bbox 212 2581 1319 2673; baseline -0.001 -23"><span class='ocrx_word' id='word_1_187' title='bbox 212 2581 347 2672; x_wconf 78' lang='grc' dir='ltr'><em>βασάνῳ</em></span> <span class='ocrx_word' id='word_1_188' title='bbox 368 2584 493 2673; x_wconf 85' lang='grc' dir='ltr'><em>πρέπει</em></span> <span class='ocrx_word' id='word_1_189' title='bbox 523 2584 578 2650; x_wconf 84' lang='grc' dir='ltr'><em>καί</em></span> <span class='ocrx_word' id='word_1_190' title='bbox 608 2584 682 2663; x_wconf 89' lang='grc' dir='ltr'><em>νόος</em></span> <span class='ocrx_word' id='word_1_191' title='bbox 709 2582 821 2670; x_wconf 74' lang='grc' dir='ltr'><em>ὀρθός.</em></span> <span class='ocrx_word' id='word_1_192' title='bbox 865 2581 1015 2650; x_wconf 81' lang='lat' dir='ltr'>Semelei</span> <span class='ocrx_word' id='word_1_193' title='bbox 1037 2590 1169 2670; x_wconf 87' lang='lat' dir='ltr'>positum</span> <span class='ocrx_word' id='word_1_194' title='bbox 1191 2590 1254 2650; x_wconf 87' lang='lat' dir='ltr'>est:</span> <span class='ocrx_word' id='word_1_195' title='bbox 1283 2590 1319 2650; x_wconf 92' lang='lat' dir='ltr'>ol.</span> 
     </span>
     <span class='ocr_line' id='line_1_24' title="bbox 212 2687 1321 2772; baseline -0.002 -16"><span class='ocrx_word' id='word_1_196' title='bbox 212 2698 242 2766; x_wconf 88' lang='lat'>3,</span> <span class='ocrx_word' id='word_1_197' title='bbox 264 2697 315 2758; x_wconf 79' lang='lat'>42.</span> <span class='ocrx_word' id='word_1_198' title='bbox 330 2694 352 2770; x_wconf 90' lang='lat'>¹)</span> <span class='ocrx_word' id='word_1_199' title='bbox 397 2693 610 2755; x_wconf 88' lang='lat' dir='ltr'>Memorandus</span> <span class='ocrx_word' id='word_1_200' title='bbox 638 2693 760 2754; x_wconf 85' lang='lat' dir='ltr'>videtur</span> <span class='ocrx_word' id='word_1_201' title='bbox 786 2692 877 2753; x_wconf 89' lang='lat' dir='ltr'>etiam</span> <span class='ocrx_word' id='word_1_202' title='bbox 902 2693 986 2753; x_wconf 83' lang='lat' dir='ltr'>loeus</span> <span class='ocrx_word' id='word_1_203' title='bbox 1016 2693 1034 2752; x_wconf 92' lang='lat' dir='ltr'>i.</span> <span class='ocrx_word' id='word_1_204' title='bbox 1058 2695 1086 2768; x_wconf 87' lang='lat'>5,</span> <span class='ocrx_word' id='word_1_205' title='bbox 1108 2693 1149 2752; x_wconf 82' lang='lat'>45</span> <span class='ocrx_word' id='word_1_206' title='bbox 1177 2687 1234 2754; x_wconf 87' lang='grc' dir='ltr'>τόν</span> <span class='ocrx_word' id='word_1_207' title='bbox 1259 2687 1321 2772; x_wconf 81' lang='grc' dir='ltr'>μὲν</span> 
     </span>
     <span class='ocr_line' id='line_1_25' title="bbox 210 2787 1320 2883; baseline -0.002 -23"><span class='ocrx_word' id='word_1_208' title='bbox 210 2790 367 2883; x_wconf 83' lang='grc' dir='ltr'><em>άρρηκτον</em></span> <span class='ocrx_word' id='word_1_209' title='bbox 391 2792 483 2880; x_wconf 90' lang='grc' dir='ltr'><em>φυάν,</em></span> <span class='ocrx_word' id='word_1_210' title='bbox 506 2790 614 2880; x_wconf 84' lang='grc' dir='ltr'><em>άίςπερ</em></span> <span class='ocrx_word' id='word_1_211' title='bbox 635 2787 711 2859; x_wconf 88' lang='grc' dir='ltr'><em>τόδε</em></span> <span class='ocrx_word' id='word_1_212' title='bbox 732 2791 834 2879; x_wconf 82' lang='grc' dir='ltr'><em>δέρμα</em></span> <span class='ocrx_word' id='word_1_213' title='bbox 854 2817 895 2876; x_wconf 90' lang='grc' dir='ltr'>με</span> <span class='ocrx_word' id='word_1_214' title='bbox 918 2800 973 2857; x_wconf 81' lang='grc' dir='ltr'>νῦν</span> <span class='ocrx_word' id='word_1_215' title='bbox 994 2793 1238 2880; x_wconf 83' lang='grc' dir='ltr'><em>περιπλανᾶται</em></span> <span class='ocrx_word' id='word_1_216' title='bbox 1261 2799 1320 2880; x_wconf 60' lang='lat' dir='ltr'>op</span> 
     </span>
     <span class='ocr_line' id='line_1_26' title="bbox 209 2892 1320 2986; baseline -0.005 -21"><span class='ocrx_word' id='word_1_217' title='bbox 209 2898 266 2986; x_wconf 91' lang='grc' dir='ltr'>ρδς</span> <span class='ocrx_word' id='word_1_218' title='bbox 288 2892 323 2963; x_wconf 78' lang='grc' dir='ltr'><em>ὃν</em></span> <span class='ocrx_word' id='word_1_219' title='bbox 346 2895 549 2984; x_wconf 76' lang='grc' dir='ltr'><em>πάμπρωτον</em></span> <span class='ocrx_word' id='word_1_220' title='bbox 568 2936 607 2944; x_wconf 92' lang='grc'>-</span> <span class='ocrx_word' id='word_1_221' title='bbox 623 2902 748 2978; x_wconf 86' lang='grc' dir='ltr'><em>κτεῖνα,</em></span> <span class='ocrx_word' id='word_1_222' title='bbox 777 2899 828 2960; x_wconf 92' lang='lat' dir='ltr'>ubi</span> <span class='ocrx_word' id='word_1_223' title='bbox 851 2920 968 2960; x_wconf 87' lang='lat' dir='ltr'>summa</span> <span class='ocrx_word' id='word_1_224' title='bbox 986 2899 1102 2980; x_wconf 83' lang='lat' dir='ltr'>ingenii</span> <span class='ocrx_word' id='word_1_225' title='bbox 1123 2900 1278 2961; x_wconf 87' lang='lat' dir='ltr'>eeleritate</span> <span class='ocrx_word' id='word_1_226' title='bbox 1301 2919 1320 2960; x_wconf 88' lang='lat' dir='ltr'>a</span> 
     </span>
     <span class='ocr_line' id='line_1_27' title="bbox 209 3003 1320 3086; baseline -0.003 -18"><span class='ocrx_word' id='word_1_227' title='bbox 209 3027 259 3084; x_wconf 86' lang='lat' dir='ltr'>re,</span> <span class='ocrx_word' id='word_1_228' title='bbox 281 3024 359 3086; x_wconf 88' lang='lat' dir='ltr'>quae</span> <span class='ocrx_word' id='word_1_229' title='bbox 381 3007 588 3085; x_wconf 84' lang='lat' dir='ltr'>comparatur,</span> <span class='ocrx_word' id='word_1_230' title='bbox 610 3003 721 3066; x_wconf 83' lang='lat' dir='ltr'>transit</span> <span class='ocrx_word' id='word_1_231' title='bbox 735 3006 825 3084; x_wconf 89' lang='lat' dir='ltr'>poeta</span> <span class='ocrx_word' id='word_1_232' title='bbox 840 3004 879 3064; x_wconf 87' lang='lat' dir='ltr'>ad</span> <span class='ocrx_word' id='word_1_233' title='bbox 894 3003 1006 3065; x_wconf 80' lang='lat' dir='ltr'>laetum</span> <span class='ocrx_word' id='word_1_234' title='bbox 1017 3006 1213 3082; x_wconf 84' lang='lat' dir='ltr'>narrandum,</span> <span class='ocrx_word' id='word_1_235' title='bbox 1239 3005 1320 3083; x_wconf 92' lang='lat' dir='ltr'>quod</span> 
     </span>
     <span class='ocr_line' id='line_1_28' title="bbox 209 3109 585 3190; baseline -0.011 -18"><span class='ocrx_word' id='word_1_236' title='bbox 209 3112 249 3172; x_wconf 87' lang='lat' dir='ltr'>ad</span> <span class='ocrx_word' id='word_1_237' title='bbox 269 3131 336 3172; x_wconf 88' lang='lat' dir='ltr'>eam</span> <span class='ocrx_word' id='word_1_238' title='bbox 358 3129 423 3170; x_wconf 89' lang='lat' dir='ltr'>rem</span> <span class='ocrx_word' id='word_1_239' title='bbox 445 3109 585 3190; x_wconf 84' lang='lat' dir='ltr'>pertinet.</span> 
     </span>
    </p>
   </div>
   <div class='ocr_carea' id='block_1_3' title="bbox 200 3305 1320 4306">
    <p class='ocr_par' dir='ltr' id='par_1_5' title="bbox 200 3305 1320 4306">
     <span class='ocr_line' id='line_1_29' title="bbox 300 3305 1318 3376; baseline -0.002 -16"><span class='ocrx_word' id='word_1_240' title='bbox 300 3311 325 3376; x_wconf 93' lang='lat'>1)</span> <span class='ocrx_word' id='word_1_241' title='bbox 341 3311 458 3362; x_wconf 82' lang='lat' dir='ltr'>Breviter</span> <span class='ocrx_word' id='word_1_242' title='bbox 480 3309 605 3373; x_wconf 81' lang='lat' dir='ltr'>attingam</span> <span class='ocrx_word' id='word_1_243' title='bbox 622 3307 686 3358; x_wconf 83' lang='lat' dir='ltr'>alios</span> <span class='ocrx_word' id='word_1_244' title='bbox 705 3305 871 3371; x_wconf 83' lang='lat' dir='ltr'>comparandi</span> <span class='ocrx_word' id='word_1_245' title='bbox 882 3307 970 3358; x_wconf 90' lang='lat' dir='ltr'>modos</span> <span class='ocrx_word' id='word_1_246' title='bbox 989 3307 1030 3373; x_wconf 91' lang='lat' dir='ltr'>(de</span> <span class='ocrx_word' id='word_1_247' title='bbox 1048 3308 1166 3372; x_wconf 82' lang='lat' dir='ltr'>genetivo</span> <span class='ocrx_word' id='word_1_248' title='bbox 1186 3323 1318 3374; x_wconf 84' lang='lat' dir='ltr'>eompara-</span> 
     </span>
     <span class='ocr_line' id='line_1_30' title="bbox 207 3389 1319 3462; baseline -0.004 -13"><span class='ocrx_word' id='word_1_249' title='bbox 207 3400 261 3450; x_wconf 83' lang='lat' dir='ltr'>tivo</span> <span class='ocrx_word' id='word_1_250' title='bbox 281 3396 381 3462; x_wconf 72' lang='lat' dir='ltr'>§.5‚s):</span> <span class='ocrx_word' id='word_1_251' title='bbox 400 3391 487 3448; x_wconf 83' lang='grc' dir='ltr'><em>τόσον</em></span> <span class='ocrx_word' id='word_1_252' title='bbox 505 3423 540 3432; x_wconf 91' lang='lat'>—-</span> <span class='ocrx_word' id='word_1_253' title='bbox 557 3389 644 3446; x_wconf 89' lang='grc' dir='ltr'><em>τόσον</em></span> <span class='ocrx_word' id='word_1_254' title='bbox 661 3393 773 3459; x_wconf 87' lang='lat' dir='ltr'>positum</span> <span class='ocrx_word' id='word_1_255' title='bbox 793 3397 832 3442; x_wconf 88' lang='lat' dir='ltr'>est</span> <span class='ocrx_word' id='word_1_256' title='bbox 847 3410 871 3444; x_wconf 91' lang='grc' dir='ltr'>ιι.</span> <span class='ocrx_word' id='word_1_257' title='bbox 887 3400 911 3459; x_wconf 95' lang='grc'>4,</span> <span class='ocrx_word' id='word_1_258' title='bbox 924 3400 948 3444; x_wconf 94' lang='grc'>4.</span> <span class='ocrx_word' id='word_1_259' title='bbox 961 3399 984 3444; x_wconf 83' lang='lat'>5.</span> <span class='ocrx_word' id='word_1_260' title='bbox 1005 3392 1042 3453; x_wconf 85' lang='grc' dir='ltr'>ιός</span> <span class='ocrx_word' id='word_1_261' title='bbox 1058 3396 1085 3444; x_wconf 80' lang='grc' dir='ltr'><em>εἴ</em></span> <span class='ocrx_word' id='word_1_262' title='bbox 1100 3411 1187 3452; x_wconf 86' lang='grc' dir='ltr'><em>τις-</em></span> <span class='ocrx_word' id='word_1_263' title='bbox 1200 3400 1319 3459; x_wconf 82' lang='lat' dir='ltr'>sequente</span> 
     </span>
     <span class='ocr_line' id='line_1_31' title="bbox 208 3475 1316 3546; baseline -0.006 -10"><span class='ocrx_word' id='word_1_264' title='bbox 208 3485 285 3536; x_wconf 87' lang='lat' dir='ltr'>verbo</span> <span class='ocrx_word' id='word_1_265' title='bbox 302 3483 334 3534; x_wconf 92' lang='lat' dir='ltr'>ol.</span> <span class='ocrx_word' id='word_1_266' title='bbox 358 3488 381 3545; x_wconf 75' lang='lat'>7,</span> <span class='ocrx_word' id='word_1_267' title='bbox 401 3487 413 3531; x_wconf 96' lang='grc'>1</span> <span class='ocrx_word' id='word_1_268' title='bbox 432 3497 470 3546; x_wconf 90' lang='lat' dir='ltr'>sq.</span> <span class='ocrx_word' id='word_1_269' title='bbox 506 3477 541 3538; x_wconf 82' lang='grc' dir='ltr'>ὡς</span> <span class='ocrx_word' id='word_1_270' title='bbox 558 3508 590 3516; x_wconf 93' lang='grc'>-</span> <span class='ocrx_word' id='word_1_271' title='bbox 612 3475 657 3531; x_wconf 84' lang='grc' dir='ltr'><em>ὅτε</em></span> <span class='ocrx_word' id='word_1_272' title='bbox 677 3479 732 3529; x_wconf 87' lang='lat' dir='ltr'>sine</span> <span class='ocrx_word' id='word_1_273' title='bbox 752 3479 829 3529; x_wconf 86' lang='lat' dir='ltr'>verbo</span> <span class='ocrx_word' id='word_1_274' title='bbox 845 3480 863 3530; x_wconf 84' lang='lat' dir='ltr'>i:</span> <span class='ocrx_word' id='word_1_275' title='bbox 882 3485 906 3543; x_wconf 83' lang='lat'>5,</span> <span class='ocrx_word' id='word_1_276' title='bbox 928 3486 938 3528; x_wconf 92' lang='lat'>1</span> <span class='ocrx_word' id='word_1_277' title='bbox 961 3495 998 3544; x_wconf 88' lang='lat' dir='ltr'>sq.</span> <span class='ocrx_word' id='word_1_278' title='bbox 1025 3496 1050 3528; x_wconf 87' lang='lat' dir='ltr'>n.</span> <span class='ocrx_word' id='word_1_279' title='bbox 1071 3485 1101 3541; x_wconf 83' lang='lat'>9,</span> <span class='ocrx_word' id='word_1_280' title='bbox 1122 3486 1161 3531; x_wconf 87' lang='grc'>16.</span> <span class='ocrx_word' id='word_1_281' title='bbox 1187 3480 1220 3530; x_wconf 92' lang='lat' dir='ltr'>ol.</span> <span class='ocrx_word' id='word_1_282' title='bbox 1241 3481 1272 3542; x_wconf 90' lang='lat'>6,</span> <span class='ocrx_word' id='word_1_283' title='bbox 1292 3486 1316 3530; x_wconf 80' lang='lat'>2.</span> 
     </span>
     <span class='ocr_line' id='line_1_32' title="bbox 208 3562 1318 3634; baseline -0.003 -14"><span class='ocrx_word' id='word_1_284' title='bbox 208 3587 234 3634; x_wconf 91' lang='lat' dir='ltr'>p.</span> <span class='ocrx_word' id='word_1_285' title='bbox 254 3577 295 3634; x_wconf 90' lang='lat'>11,</span> <span class='ocrx_word' id='word_1_286' title='bbox 312 3574 360 3634; x_wconf 77' lang='lat'>403</span> <span class='ocrx_word' id='word_1_287' title='bbox 379 3583 435 3617; x_wconf 84' lang='lat' dir='ltr'>eum</span> <span class='ocrx_word' id='word_1_288' title='bbox 454 3567 530 3617; x_wconf 86' lang='lat' dir='ltr'>verbo</span> <span class='ocrx_word' id='word_1_289' title='bbox 550 3583 574 3616; x_wconf 92' lang='lat' dir='ltr'>n.</span> <span class='ocrx_word' id='word_1_290' title='bbox 594 3572 618 3630; x_wconf 87' lang='lat'>8,</span> <span class='ocrx_word' id='word_1_291' title='bbox 637 3571 678 3616; x_wconf 89' lang='grc'>40.</span> <span class='ocrx_word' id='word_1_292' title='bbox 698 3562 745 3617; x_wconf 81' lang='grc' dir='ltr'>ἅτε</span> <span class='ocrx_word' id='word_1_293' title='bbox 765 3567 818 3616; x_wconf 88' lang='lat' dir='ltr'>sino</span> <span class='ocrx_word' id='word_1_294' title='bbox 838 3565 915 3616; x_wconf 86' lang='lat' dir='ltr'>verbo</span> <span class='ocrx_word' id='word_1_295' title='bbox 933 3589 967 3606; x_wconf 97' lang='lat'><strong><em>=</em></strong></span> <span class='ocrx_word' id='word_1_296' title='bbox 987 3569 1106 3631; x_wconf 81' lang='lat' dir='ltr'>tanquam</span> <span class='ocrx_word' id='word_1_297' title='bbox 1129 3567 1147 3616; x_wconf 91' lang='lat' dir='ltr'>i.</span> <span class='ocrx_word' id='word_1_298' title='bbox 1169 3571 1198 3628; x_wconf 86' lang='lat'>5,</span> <span class='ocrx_word' id='word_1_299' title='bbox 1219 3571 1249 3617; x_wconf 88' lang='lat'>51</span> <span class='ocrx_word' id='word_1_300' title='bbox 1271 3563 1318 3617; x_wconf 79' lang='grc' dir='ltr'>ἅτε</span> 
     </span>
     <span class='ocr_line' id='line_1_33' title="bbox 207 3651 1318 3725; baseline -0.005 -18"><span class='ocrx_word' id='word_1_301' title='bbox 207 3653 317 3725; x_wconf 84' lang='grc' dir='ltr'><em>μάντις.</em></span> <span class='ocrx_word' id='word_1_302' title='bbox 336 3681 369 3690; x_wconf 90' lang='grc'><strong>-</strong></span> <span class='ocrx_word' id='word_1_303' title='bbox 388 3653 419 3702; x_wconf 87' lang='lat' dir='ltr'>ef.</span> <span class='ocrx_word' id='word_1_304' title='bbox 439 3654 472 3704; x_wconf 93' lang='lat' dir='ltr'>ol.</span> <span class='ocrx_word' id='word_1_305' title='bbox 494 3659 516 3716; x_wconf 90' lang='lat'>1,</span> <span class='ocrx_word' id='word_1_306' title='bbox 536 3659 560 3703; x_wconf 80' lang='lat'>2.</span> <span class='ocrx_word' id='word_1_307' title='bbox 578 3681 611 3690; x_wconf 89' lang='lat'>-</span> <span class='ocrx_word' id='word_1_308' title='bbox 642 3651 773 3702; x_wconf 88' lang='lat' dir='ltr'>Interdum</span> <span class='ocrx_word' id='word_1_309' title='bbox 791 3668 832 3702; x_wconf 89' lang='lat' dir='ltr'>res</span> <span class='ocrx_word' id='word_1_310' title='bbox 851 3668 881 3702; x_wconf 87' lang='lat' dir='ltr'>ea</span> <span class='ocrx_word' id='word_1_311' title='bbox 900 3667 962 3716; x_wconf 88' lang='lat' dir='ltr'>quae</span> <span class='ocrx_word' id='word_1_312' title='bbox 984 3667 1040 3700; x_wconf 86' lang='lat' dir='ltr'>oum</span> <span class='ocrx_word' id='word_1_313' title='bbox 1057 3651 1138 3702; x_wconf 83' lang='lat' dir='ltr'>altera</span> <span class='ocrx_word' id='word_1_314' title='bbox 1156 3654 1318 3716; x_wconf 84' lang='lat' dir='ltr'>eomparatur</span> 
     </span>
     <span class='ocr_line' id='line_1_34' title="bbox 209 3737 1317 3806; baseline -0.005 -14"><span class='ocrx_word' id='word_1_315' title='bbox 209 3740 320 3804; x_wconf 81' lang='lat' dir='ltr'>simplici</span> <span class='ocrx_word' id='word_1_316' title='bbox 336 3739 498 3804; x_wconf 84' lang='lat' dir='ltr'>appositione</span> <span class='ocrx_word' id='word_1_317' title='bbox 517 3755 622 3789; x_wconf 85' lang='lat' dir='ltr'>cumea</span> <span class='ocrx_word' id='word_1_318' title='bbox 642 3739 816 3806; x_wconf 76' lang='lat' dir='ltr'>conjungitur:</span> <span class='ocrx_word' id='word_1_319' title='bbox 843 3755 870 3802; x_wconf 91' lang='lat' dir='ltr'>p.</span> <span class='ocrx_word' id='word_1_320' title='bbox 889 3743 917 3799; x_wconf 85' lang='lat'>4,</span> <span class='ocrx_word' id='word_1_321' title='bbox 940 3741 989 3788; x_wconf 80' lang='lat'>289</span> <span class='ocrx_word' id='word_1_322' title='bbox 1018 3742 1106 3795; x_wconf 86' lang='grc' dir='ltr'><em>κεῖνος</em></span> <span class='ocrx_word' id='word_1_323' title='bbox 1125 3737 1317 3804; x_wconf 85' lang='lat' dir='ltr'>(Damophilus)</span> 
     </span>
     <span class='ocr_line' id='line_1_35' title="bbox 200 3819 1317 3898; baseline -0.004 -20"><span class='ocrx_word' id='word_1_324' title='bbox 200 3823 293 3882; x_wconf 81' lang='grc' dir='ltr'><em>Ἄτλας</em></span> <span class='ocrx_word' id='word_1_325' title='bbox 313 3824 421 3898; x_wconf 81' lang='grc' dir='ltr'><em>οὐρανῷ</em></span> <span class='ocrx_word' id='word_1_326' title='bbox 445 3827 630 3898; x_wconf 82' lang='grc' dir='ltr'><em>προςπαλαίει</em></span> <span class='ocrx_word' id='word_1_327' title='bbox 654 3829 695 3876; x_wconf 78' lang='lat' dir='ltr'>ille</span> <span class='ocrx_word' id='word_1_328' title='bbox 715 3824 804 3892; x_wconf 72' lang='lat' dir='ltr'>(quasi)</span> <span class='ocrx_word' id='word_1_329' title='bbox 824 3827 904 3880; x_wconf 82' lang='grc' dir='ltr'><em>Αιλοι,</em></span> <span class='ocrx_word' id='word_1_330' title='bbox 936 3823 956 3874; x_wconf 92' lang='lat' dir='ltr'>i.</span> <span class='ocrx_word' id='word_1_331' title='bbox 977 3829 1000 3886; x_wconf 75' lang='lat'>7,</span> <span class='ocrx_word' id='word_1_332' title='bbox 1021 3830 1034 3876; x_wconf 84' lang='grc'>9</span> <span class='ocrx_word' id='word_1_333' title='bbox 1055 3819 1104 3876; x_wconf 85' lang='grc' dir='ltr'>τόν</span> <span class='ocrx_word' id='word_1_334' title='bbox 1121 3840 1153 3892; x_wconf 85' lang='grc' dir='ltr'><em>γε</em></span> <span class='ocrx_word' id='word_1_335' title='bbox 1176 3819 1317 3876; x_wconf 81' lang='grc' dir='ltr'><em>Ταντάλου</em></span> 
     </span>
     <span class='ocr_line' id='line_1_36' title="bbox 208 3902 1320 3984; baseline 0 -24"><span class='ocrx_word' id='word_1_336' title='bbox 208 3913 290 3962; x_wconf 77' lang='grc' dir='ltr'><em>λίθον</em></span> <span class='ocrx_word' id='word_1_337' title='bbox 312 3906 385 3984; x_wconf 89' lang='grc' dir='ltr'><em>παρά</em></span> <span class='ocrx_word' id='word_1_338' title='bbox 410 3928 451 3969; x_wconf 86' lang='grc' dir='ltr'>τις</span> <span class='ocrx_word' id='word_1_339' title='bbox 469 3911 581 3983; x_wconf 78' lang='grc' dir='ltr'><em>ἔτρεψεν</em></span> <span class='ocrx_word' id='word_1_340' title='bbox 599 3907 674 3980; x_wconf 84' lang='grc' dir='ltr'><em>άμμι</em></span> <span class='ocrx_word' id='word_1_341' title='bbox 702 3913 780 3973; x_wconf 72' lang='grc' dir='ltr'><em>δέος,</em></span> <span class='ocrx_word' id='word_1_342' title='bbox 807 3907 965 3978; x_wconf 78' lang='grc' dir='ltr'><em>ἀτόλματον</em></span> <span class='ocrx_word' id='word_1_343' title='bbox 982 3905 1093 3960; x_wconf 85' lang='grc' dir='ltr'><em>Ἑλλάδι</em></span> <span class='ocrx_word' id='word_1_344' title='bbox 1117 3902 1233 3979; x_wconf 75' lang='grc' dir='ltr'><em>μόχθον</em></span> <span class='ocrx_word' id='word_1_345' title='bbox 1256 3913 1320 3960; x_wconf 79' lang='lat' dir='ltr'>illud</span> 
     </span>
     <span class='ocr_line' id='line_1_37' title="bbox 208 3994 1317 4059; baseline 0.002 -15"><span class='ocrx_word' id='word_1_346' title='bbox 208 3998 280 4059; x_wconf 80' lang='lat' dir='ltr'>quasi</span> <span class='ocrx_word' id='word_1_347' title='bbox 299 3997 396 4046; x_wconf 70' lang='lat' dir='ltr'>Tantali</span> <span class='ocrx_word' id='word_1_348' title='bbox 411 4013 508 4058; x_wconf 72' lang='lat' dir='ltr'>saxum,</span> <span class='ocrx_word' id='word_1_349' title='bbox 526 3997 571 4046; x_wconf 92' lang='lat' dir='ltr'>ubi</span> <span class='ocrx_word' id='word_1_350' title='bbox 588 3997 691 4047; x_wconf 89' lang='lat' dir='ltr'>minime</span> <span class='ocrx_word' id='word_1_351' title='bbox 709 3996 851 4046; x_wconf 82' lang='lat' dir='ltr'>necessaria</span> <span class='ocrx_word' id='word_1_352' title='bbox 869 3994 968 4046; x_wconf 84' lang='lat' dir='ltr'>videtur</span> <span class='ocrx_word' id='word_1_353' title='bbox 978 3995 1128 4047; x_wconf 84' lang='lat' dir='ltr'>Mommseni</span> <span class='ocrx_word' id='word_1_354' title='bbox 1144 3996 1252 4046; x_wconf 84' lang='lat' dir='ltr'>mutatio</span> <span class='ocrx_word' id='word_1_355' title='bbox 1270 3998 1317 4046; x_wconf 89' lang='grc' dir='ltr'><em>καὶ</em></span> 
     </span>
     <span class='ocr_line' id='line_1_38' title="bbox 211 4081 1317 4148; baseline -0.001 -16"><span class='ocrx_word' id='word_1_356' title='bbox 211 4086 243 4132; x_wconf 93' lang='grc' dir='ltr'>Τ.</span> <span class='ocrx_word' id='word_1_357' title='bbox 266 4083 364 4141; x_wconf 55' lang='lat' dir='ltr'>tidem·</span> <span class='ocrx_word' id='word_1_358' title='bbox 381 4083 456 4132; x_wconf 83' lang='lat' dir='ltr'>etiam</span> <span class='ocrx_word' id='word_1_359' title='bbox 475 4083 556 4148; x_wconf 85' lang='lat' dir='ltr'>magis</span> <span class='ocrx_word' id='word_1_360' title='bbox 573 4082 744 4135; x_wconf 84' lang='lat' dir='ltr'>memorabilis</span> <span class='ocrx_word' id='word_1_361' title='bbox 758 4086 797 4132; x_wconf 87' lang='lat' dir='ltr'>est</span> <span class='ocrx_word' id='word_1_362' title='bbox 807 4081 963 4145; x_wconf 83' lang='lat' dir='ltr'>comparatio</span> <span class='ocrx_word' id='word_1_363' title='bbox 980 4083 1099 4132; x_wconf 81' lang='lat' dir='ltr'>denotata</span> <span class='ocrx_word' id='word_1_364' title='bbox 1111 4099 1157 4146; x_wconf 90' lang='lat' dir='ltr'>per</span> <span class='ocrx_word' id='word_1_365' title='bbox 1170 4082 1317 4147; x_wconf 81' lang='lat' dir='ltr'>genetivum</span> 
     </span>
     <span class='ocr_line' id='line_1_39' title="bbox 208 4165 1316 4240; baseline -0.001 -22"><span class='ocrx_word' id='word_1_366' title='bbox 208 4168 241 4220; x_wconf 87' lang='lat' dir='ltr'>ol.</span> <span class='ocrx_word' id='word_1_367' title='bbox 261 4174 292 4233; x_wconf 87' lang='grc'>6,</span> <span class='ocrx_word' id='word_1_368' title='bbox 319 4173 350 4219; x_wconf 77' lang='lat'>82</span> <span class='ocrx_word' id='word_1_369' title='bbox 376 4165 463 4226; x_wconf 89' lang='grc' dir='ltr'><em>δόξαν</em></span> <span class='ocrx_word' id='word_1_370' title='bbox 487 4167 541 4234; x_wconf 76' lang='grc' dir='ltr'><em>ἔχοι</em></span> <span class='ocrx_word' id='word_1_371' title='bbox 559 4195 591 4205; x_wconf 94' lang='grc'><strong>-</strong></span> <span class='ocrx_word' id='word_1_372' title='bbox 610 4165 712 4224; x_wconf 84' lang='grc' dir='ltr'><em>ἀκόνας</em></span> <span class='ocrx_word' id='word_1_373' title='bbox 734 4168 847 4240; x_wconf 78' lang='grc' dir='ltr'><em>λιγυρᾶς</em></span> <span class='ocrx_word' id='word_1_374' title='bbox 873 4173 1028 4232; x_wconf 76' lang='lat' dir='ltr'>sententiam,</span> <span class='ocrx_word' id='word_1_375' title='bbox 1063 4185 1124 4233; x_wconf 77' lang='lat' dir='ltr'>quoe</span> <span class='ocrx_word' id='word_1_376' title='bbox 1148 4185 1185 4219; x_wconf 79' lang='lat' dir='ltr'>me</span> <span class='ocrx_word' id='word_1_377' title='bbox 1209 4174 1268 4220; x_wconf 81' lang='grc' dir='ltr'>οοαί</span> <span class='ocrx_word' id='word_1_378' title='bbox 1290 4171 1316 4218; x_wconf 78' lang='lat' dir='ltr'>in</span> 
     </span>
     <span class='ocr_line' id='line_1_40' title="bbox 206 4256 583 4306; baseline 0 -2"><span class='ocrx_word' id='word_1_379' title='bbox 206 4258 301 4306; x_wconf 75' lang='lat' dir='ltr'>modum</span> <span class='ocrx_word' id='word_1_380' title='bbox 318 4256 406 4304; x_wconf 74' lang='lat' dir='ltr'>ineidat</span> <span class='ocrx_word' id='word_1_381' title='bbox 422 4270 450 4304; x_wconf 87' lang='grc' dir='ltr'><em>συ</em></span> <span class='ocrx_word' id='word_1_382' title='bbox 469 4257 583 4304; x_wconf 65' lang='lat' dir='ltr'>obmuluit.</span> 
     </span>
    </p>
   </div>
   <div class='ocr_carea' id='block_1_4' title="bbox 0 0 1538 4928">
    <p class='ocr_par' dir='ltr' id='par_1_6' title="bbox 0 0 1538 4928">
     <span class='ocr_line' id='line_1_41' title="bbox 0 0 1538 4928; baseline 0 1"><span class='ocrx_word' id='word_1_383' title='bbox 0 0 1538 4928; x_wconf 95' lang='lat' dir='ltr'> </span> 
     </span>
    </p>
   </div>
  </div>
 </body>
</html>
