3066 4928
241 249 282 308 94

239 435 289 496 vel
318 434 410 496 etiam
437 435 529 496 rebus
556 433 710 496 inanimis:
746 434 764 496 i.
788 439 817 510 7,
842 441 879 496 11
907 426 1035 516 μόχθος
1061 439 1213 520 apellatur
1241 429 1350 517 λίθος,

239 559 267 620 p.
290 544 340 617 10,
363 543 406 600 48
435 532 566 613 λίθινος
593 529 742 612 θάνατος
768 539 878 600 dicitur
906 547 998 622 caput
1018 542 1165 606 Medusae
1199 545 1352 624 (apposita

239 644 319 704 enim
348 643 489 704 videntur
519 643 591 704 mihi
618 662 657 704 ea
688 644 784 703 verba
809 645 847 704 ad
879 663 987 705 nomen
1016 641 1109 728 κάρα.
1153 647 1251 710 Nimis
1279 648 1351 708 arti-

239 746 341 808 ficiose
356 750 539 808 structuram
560 747 693 826 explicat
705 745 811 808 Friesc
831 765 900 828 pag.
918 751 988 826 34);
1008 750 1100 810 etiam
1120 751 1245 812 liberius
1268 751 1351 812 vide-

238 854 290 912 tur
311 850 424 912 dictum
445 851 484 911 de
508 849 615 911 insulis
638 850 809 912 errantibus
835 869 864 930 p.
887 855 918 927 4,
940 854 1005 913 209
1035 845 1167 933 δίδυμαι
1189 849 1249 938 γὰρ
1271 846 1349 916 ἕσαν

239 948 350 1033 ζωαί

326 1075 445 1137 Neutra
476 1073 695 1154 adjectivorum
731 1093 783 1153 ea,
821 1094 899 1154 quae
932 1075 963 1136 in
996 1078 1179 1140 abstractam
1218 1077 1348 1138 transire

238 1180 380 1241 videntur
400 1179 554 1240 notionem
575 1178 643 1239 vide
667 1179 692 1257 §-
717 1183 745 1254 1,
770 1179 797 1254 5,
821 1197 845 1239 c.
868 1178 897 1241 d.

326 1300 358 1376 d)
387 1297 494 1378 Neque
521 1316 590 1359 raro
616 1297 696 1378 apud
723 1297 885 1358 Pindarum
918 1301 984 1360 tota
1017 1301 1168 1362 sententia
1203 1303 1348 1380 tanquam

237 1421 299 1464 una
326 1403 408 1464 notio
435 1405 538 1463 mente
564 1401 731 1482 percipitur
757 1404 789 1461 et
817 1402 1038 1464 constructione
1068 1404 1248 1485 adaptatum,
1281 1405 1346 1465 sive

238 1507 367 1587 subjecti
387 1507 437 1568 vel
460 1505 580 1585 objecti,
603 1506 669 1565 sive
691 1505 887 1585 appositionis
908 1505 938 1567 in
960 1506 1091 1568 modum.

324 1627 372 1688 De
392 1626 539 1688 infinitivo
561 1625 605 1686 ita
625 1629 770 1706 usurpato
792 1625 855 1686 dixi
871 1626 895 1705 5.
914 1630 963 1702 12,
978 1630 1013 1700 4;
1035 1627 1152 1688 duobus
1166 1627 1241 1688 locis
1255 1627 1347 1688 etiam

237 1724 289 1794 δτι
309 1731 478 1812 conjunctio
499 1748 567 1790 oum
596 1729 715 1809 integra
743 1729 948 1791 enuntiatione
972 1749 1005 1790 so
1025 1731 1158 1811 applicat
1178 1731 1217 1791 ad
1238 1750 1346 1812 prono-

236 1854 306 1896 men
327 1830 366 1897 τὸ
387 1827 461 1914 μίν,
491 1834 571 1914 qnod
594 1832 721 1912 subjecti
743 1833 793 1893 vel
816 1833 924 1913 objecti
944 1833 1044 1896 locum
1065 1836 1163 1896 tenet:
1191 1855 1220 1915 p.
1245 1837 1343 1910 2,·31

236 1930 294 2001 δύο
318 1932 377 2018 μὲν
406 1929 591 2016 ἀμπλακίαι
614 1930 793 2020 φερέπονοι
813 1930 997 2014 τελέθοντι,
1027 1932 1161 2016 τὸμὲν,
1190 1931 1275 2021 ἥρως
1295 1932 1346 2000 ὅτι

235 2036 392 2126 ἐμφύλιον
413 2027 495 2121 αἷμα
516 2033 651 2119 ἐπέμιξε
672 2039 825 2118 θνατοῖς,
849 2033 899 2102 δτι
920 2060 956 2102 τε
982 2060 1026 2120 sq.
1063 2062 1091 2122 p.
1109 2041 1144 2117 5,
1163 2044 1202 2103 15
1224 2036 1263 2102 τὸ
1286 2035 1346 2120 μὲν

236 2139 286 2208 δτι
309 2139 461 2226 βασιλεὺς
483 2137 556 2206 ἐσσί
575 2142 718 2225 μεγαλᾶν
738 2136 864 2206 πολίων
888 2179 929 2188 -
951 2136 1016 2221 diget
1039 2138 1190 2229 συγγενὴς
1212 2131 1346 2228 ὀφθαλ-

235 2243 297 2329 μὸς
319 2239 524 2312 αἰδοιότατον
546 2240 658 2332 γέρας,
688 2267 748 2326 qna
777 2247 844 2327 ejus
872 2247 929 2308 loci
950 2247 1199 2328 interpretatione
1221 2251 1347 2328 accepta

236 2351 486 2431 (Friedcrichsins
512 2350 596 2412 Pind.
626 2352 704 2412 stud.
730 2370 799 2433 pag.
820 2355 871 2412 47.
900 2354 932 2413 et
951 2351 1058 2430 schol.)
1085 2351 1171 2413 nulla
1197 2370 1273 2432 opus
1296 2354 1347 2412 est

235 2457 402 2517 mutatione
424 2455 642 2531 (Mommsenns
668 2454 712 2515 ita
740 2454 861 2515 videtur
888 2454 1058 2534 intelligere
1081 2474 1149 2516 eum
1172 2449 1346 2531 locum,'ut

234 2554 273 2623 τὸ
295 2552 354 2639 μέν
374 2559 511 2621 adverbii
529 2559 561 2618 in
580 2557 701 2619 modum
717 2558 848 2638 positum
864 2558 918 2634 sit,
938 2562 971 2620 et
985 2559 1136 2620 sententia
1156 2551 1346 2622 ὅτε-ἐσσί

236 2662 445 2744 conjungenda
467 2662 597 2722 situum
621 2661 761 2740 sequenti
781 2661 956 2742 pronomine
978 2663 1097 2741 τοῦτο).
1120 2699 1163 2708 -

322 2781 424 2845 Semel
452 2781 644 2864 participium
672 2780 760 2842 simili
788 2782 876 2844 modo
905 2782 1077 2864 appositum
1099 2785 1148 2844 est
1169 2782 1343 2845 accusativo

235 2885 435 2968 pronominis:
457 2906 486 2967 p.
511 2890 539 2962 7,
563 2890 602 2947 19
625 2879 664 2948 τὸ
685 2881 714 2948 δ’
737 2876 890 2965 ι’ίχνομαι,
915 2877 1042 2970 φθόνον
1066 2878 1278 2968 ἀμειβόμενον
1301 2879 1345 2948 τὰ

235 2984 317 3052 καλὰ
339 2982 424 3073 ἔργα.

323 3107 466 3171 Similiter
487 3108 616 3190 denique
638 3127 706 3171 oum
721 3107 874 3171 Boeckhio
890 3111 922 3170 et
936 3109 1098 3171 scholiasta
1111 3108 1229 3190 explico
1244 3109 1344 3171 locum

235 3214 253 3275 i.
275 3217 311 3293 4,
333 3217 374 3274 64
396 3215 464 3292 (51)
487 3197 562 3290 οὐδ,
586 3203 710 3275 ὁπόσαι
736 3206 896 3290 δαπάναι,
921 3205 1063 3274 ἐλπίδων
1084 3204 1185 3289 dlvi?
1207 3207 1286 3276 ὄπιν
1309 3245 1344 3264 -—-
1396 3291 1398 3296 Ι

232 3338 301 3396 ceo,
332 3321 472 3399 quotquot
499 3320 636 3399 sumptus
662 3315 837 3394 (fueruat),
869 3317 923 3378 λοο
943 3318 1069 3383 iaceat
1095 3315 1215 3392 studim
1249 3336 1343 3397 quare

233 3441 294 3484 non
322 3440 398 3502 opus
425 3420 562 3498 videtur,
597 3420 744 3482 hocloco
778 3421 912 3500 cogitare
942 3420 980 3480 de
1010 3420 1162 3481 schemate
1186 3420 1342 3483 Pindarico

234 3545 302 3588 oum
315 3524 503 3586 Mommseno
525 3523 683 3603 (Pindaros
704 3543 774 3604 pag.
786 3525 841 3585 57:
864 3526 922 3586 ιιίε
937 3524 996 3586 ciel
1011 3521 1166 3602 Aufwond
1188 3527 1264 3588 οιιιΙι
1286 3525 1343 3588 δον

231 3628 325 3692 Bliolc
355 3627 416 3707 eof
439 3627 488 3690 dio
510 3627 645 3708 Zrckoofl
670 3629 791 3710 pctm'c'bt
821 3629 914 3690 liabeo
941 3628 1044 3709 νοομ),·
1074 3628 1225 3690 sententia
1243 3629 1342 3709 aptior

232 3731 367 3810 videtur,
399 3730 425 3791 si
454 3749 606 3812 nunquam
636 3730 791 3793 debilitata
819 3731 929 3792 dicitur
960 3749 1031 3810 spes
1053 3721 1204 3792 victoriae.
1250 3730 1342 3794 (lente

233 3835 360 3896 similem
382 3835 560 3896 breuitatem
585 3834 723 3896 dictionis
745 3835 832 3896 rides
854 3854 882 3914 p.
901 3837 934 3910 9,
954 3836 996 3895 43
1020 3825 1136 3920 κούρας
1155 3831 1184 3897 δ’
1206 3827 1339 3898 ὁπόθεν

231 3943 284 4016 (so.
308 3929 391 4016 ἐστὶ)
413 3932 520 4020 γενεὰν
541 3932 707 4024 ἐξερωτᾷς.

320 4037 365 4101 Of.
386 4025 477 4102 etiam
498 4042 683 4122 pronominis
705 4040 825 4103 relativi
849 4059 938 4101 usum
963 4041 987 4120 ς.
1013 4045 1040 4103 8.

315 4163 344 4236 c)
366 4159 529 4224 Praeterea
550 4163 644 4224 libero
669 4163 757 4224 modo
779 4164 879 4222 mente
901 4163 1061 4242 suppletur
1081 4161 1163 4223 notio
1185 4164 1338 4224 abstracta

229 4285 248 4326 e
268 4264 519 4347 praecedentibus
542 4266 645 4327 verbis
666 4285 695 4330 n.
710 4268 739 4340 8,
764 4269 805 4325 21
828 4257 915 4350 δψον
936 4260 972 4327 δὲ
994 4255 1085 4347 λόγοι
1107 4261 1334 4350 φθονέροισιν·
