3066 4928
244 206 284 268 68

243 395 461 477 significatione
491 395 603 456 iactum
634 398 694 474 est,
734 397 769 455 ut
796 394 962 456 infinitivus
991 396 1147 476 suppleret
1176 395 1240 455 sive
1269 393 1358 453 vario

241 501 330 562 modo
345 500 473 580 amplius
492 500 658 579 explicaret
673 500 823 560 notionem
840 499 1073 580 adjectivorum,
1096 500 1264 574 nominum,
1287 517 1359 557 ver-

241 607 356 666 borum.
399 604 556 666 Postremo
577 623 651 665 vero
673 607 772 664 ortum
801 623 870 664 esse
893 608 966 685 puto
996 624 1065 666 eum
1092 603 1231 665 infinitivi
1257 621 1358 678 usum,

242 716 277 770 ut
300 709 427 790 subjecti
448 709 513 769 sive
540 708 649 788 objecti
672 708 736 768 loeo
759 710 790 768 in
813 708 964 769 sententia
984 712 1155 790 poneretur.

332 819 360 877 1.
397 811 486 876 Certe
507 812 539 872 in
561 812 769 893 antiquissima
784 809 970 875 Graecorum
988 815 1072 893 poesi
1093 812 1358 893 frequentissimus

243 925 292 980 est
324 919 351 978 is
382 917 521 978 infinitivi
552 937 619 978 oum
653 918 810 997 adjectivis
846 917 973 998 aliisque
1002 917 1172 979 notionibus
1204 917 1359 997 conjuncti

242 1044 333 1100 usus,
365 1041 463 1102 equo
488 1021 735 1100 significationem
766 1022 833 1102 ejus
857 1022 983 1083 fluxisse
1006 1026 1095 1104 puto;
1124 1041 1181 1082 neo
1202 1022 1300 1082 minus
1323 1023 1359 1081 in

242 1128 364 1190 Pindari
385 1127 582 1204 carminibus,
604 1146 621 1186 e
643 1126 751 1206 quibus
773 1126 844 1186 vide
869 1146 945 1206 quae
968 1129 1136 1207 sequuntur
1157 1127 1306 1205 exempla.

330 1236 360 1308 a)
391 1222 523 1306 δτνατός
552 1234 583 1291 et
612 1231 720 1292 similia
756 1230 970 1311 adjectiva,
1008 1249 1084 1312 quae
1114 1231 1286 1293 facultatem
1317 1232 1358 1291 ad

242 1339 371 1419 aliquam
394 1355 459 1396 rem
479 1337 628 1414 agendam
647 1335 829 1414 significant,
853 1336 1011 1418 conjuncta
1029 1337 1101 1395 sunt
1119 1355 1187 1396 oum
1206 1335 1358 1396 infinitivo

244 1443 309 1522 (qui
336 1445 389 1502 aut
412 1439 510 1501 active
541 1443 593 1500 aut
617 1441 738 1520 passive
760 1441 839 1501 verti
869 1441 998 1520 potest):
1034 1460 1062 1500 n.
1084 1443 1120 1514 2,
1148 1443 1187 1500 12
1211 1433 1359 1519 Σαλαμίς

244 1566 279 1628 χε
308 1539 439 1628 θρέψαι
480 1543 575 1627 φῶτα
613 1538 758 1622 μαχατὰν
794 1538 936 1618 δυνατός.
972 1563 1000 1603 n.
1026 1547 1061 1619 6,
1090 1546 1131 1604 37
1162 1536 1293 1604 δυνατοί
1313 1577 1358 1588 —

244 1643 397 1732 παρέχειν
418 1643 526 1727 ύμνον.
563 1667 592 1710 n.
614 1651 647 1723 9,
670 1652 711 1708 37
732 1644 903 1727 βουλεῦσαι
925 1639 1063 1710 δυνατοί.
1085 1646 1121 1708 01.
1140 1652 1194 1722 11,
1219 1651 1236 1708 9
1260 1643 1357 1708 λῦσαι

243 1746 385 1826 δυνατός.
430 1752 467 1812 ol.
494 1756 544 1828 11,
569 1755 608 1812 39
652 1751 757 1824 νεῖκος
798 1741 976 1829 κρεσσόνων
1008 1738 1180 1812 ἀποθέσθ’
1219 1741 1356 1834 δίπορον.

243 1879 271 1938 p.
287 1860 394 1932 11,13
409 1845 554 1938 καλύψαι
575 1845 601 1914 τ’
625 1841 795 1932 ύμύχανον.
827 1855 862 1916 ol.
887 1860 944 1932 13,
970 1860 1009 1916 13
1033 1845 1156 1934 δίμαχον
1174 1844 1296 1938 κρύψαι
1318 1850 1356 1916 τὸ

244 1954 388 2042 συγγενές
413 1947 514 2042 ἦθος,
544 1959 597 2018 ubi
618 1958 747 2018 eundem
767 1958 798 2017 in
821 1959 943 2020 modum
967 1951 1090 2038 ἄμαχον
1119 1953 1241 2043 κρύψαι
1267 1977 1356 2039 prae·

242 2065 333 2125 dicati
355 2064 386 2123 in
409 2063 530 2122 modum
551 2081 618 2122 oum
640 2051 725 2145 ἦθος
745 2062 930 2142 conjungere
952 2063 1062 2124 malim.
1096 2082 1124 2124 n.
1143 2066 1179 2140 4,
1204 2067 1245 2124 94
1269 2055 1356 2124 ἀττοῖ-

242 2168 374 2241 λαιστος
396 2160 479 2248 λόγῳ
502 2160 604 2228 ἕλκειν
626 2165 756 2226 invictus
778 2167 810 2226 in
826 2167 973 2227 sermonis
988 2167 1070 2229 lucta
1092 2149 1258 2248 (Boccho).
1288 2167 1307 2229 i.
1326 2172 1356 2243 6,

242 2277 284 2334 44
313 2265 431 2353 βραχύς
466 2263 636 2345 ἐξικέσθαι
664 2259 866 2346 χαλκόπεδον
896 2271 994 2334 θεῶν.
1044 2291 1072 2332 n.
1096 2275 1152 2346 10,
1182 2275 1222 2332 14
1251 2262 1353 2354 βραχύ

240 2397 297 2456 μοι
321 2366 425 2454 στόμα
447 2360 543 2434 πάντ’
565 2363 800 2458 ἅναχήσασθαι.
831 2395 860 2454 p.
876 2377 911 2449 8,
936 2379 976 2436 29
1000 2368 1067 2454 εἰμὶ
1088 2372 1114 2437 δ’
1137 2367 1272 2452 ύσχολος
1293 2396 1350 2436 κα-

240 2473 385 2558 ταθέμεν
405 2477 517 2538 πᾶσαν
538 2469 768 2557 μακραγορίαν.
799 2498 827 2537 n.
848 2481 904 2551 10,
928 2481 967 2539 78
991 2479 1114 2561 παῦροι
1136 2474 1251 2540 πιστοὶ
1273 2481 1352 2561 βρο-

239 2587 305 2646 τῶν
342 2572 484 2660 καμάτου
510 2572 780 2659 μεταλαμβάνειν,
812 2581 864 2642 ubi
893 2602 934 2642 ex
963 2581 1133 2662 Atticorum
1172 2585 1353 2663 scriptorum

239 2709 299 2751 usu
322 2685 532 2768 expectaveris
556 2677 653 2746 κύστει
680 2688 773 2768 pauci
793 2685 864 2748 adeo
878 2685 942 2766 fidi
962 2693 1045 2766 suot,
1067 2693 1103 2750 at
1124 2689 1261 2750 ludorum
1278 2709 1353 2772 pur-

238 2796 341 2876 ticc‘pea
354 2791 444 2871 fluat.

327 2894 469 2956 Similiter
488 2893 654 2954 infinitivus
676 2894 797 2954 additur
822 2895 968 2974 adjectivo
993 2880 1121 2976 ύχαθός
1143 2899 1175 2956 et
1196 2896 1352 2972 similibus,

238 3001 374 3061 indicans
398 2999 562 3074 actionem,
590 3016 649 3077 qua
672 2999 739 3076 quis
763 2999 885 3060 excellit
907 3000 973 3059 sive
996 2998 1035 3058 ad
1058 3018 1147 3078 quam
1169 3001 1259 3081 aptus
1285 3001 1350 3061 sive

238 3107 364 3184 paratus
387 3107 451 3164 est:
476 3103 511 3164 ol
533 3106 568 3177 6,
592 3106 632 3163 17
656 3093 783 3184 ἀγαθὸν
798 3139 843 3148 -
864 3097 954 3185 δουρὶ
977 3093 1152 3181 μάχεσθαι.
1189 3099 1231 3187 (n.
1253 3109 1285 3180 7,
1309 3108 1350 3163 27

239 3199 411 3292 κράτιστον
436 3241 473 3250 -
496 3200 584 3290 μάχᾳ
604 3200 737 3268 Μενέλα
764 3196 911 3290 δάμαρτα
936 3199 1068 3286 κομίσαι
1077 3205 1102 3288 l)
1137 3227 1164 3268 n.
1187 3212 1222 3282 7,
1250 3211 1289 3268 76
1314 3200 1350 3269 ού

240 3301 356 3393 τραχύς
378 3303 498 3389 εἰμι-
515 3304 710 3390 καταθέμεν.
740 3330 768 3391 p.
793 3314 821 3386 8,
846 3313 887 3371 74
910 3305 1013 3393 σοφὸς
1035 3301 1232 3394 κορυσσέμεν.
1262 3313 1298 3372 ol.
1324 3317 1351 3388 9,

239 3419 281 3477 60
304 3406 370 3500 εἴην
394 3407 585 3498 εύρησιειιὴς
605 3401 811 3494 ἀναγεῖσθαι.
835 3434 862 3495 p.
879 3417 908 3491 4,
928 3418 969 3476 33
991 3407 1058 3475 ἐντὶ
1080 3414 1213 3475 θνατῶν
1236 3413 1351 3500 φρένες

239 3506 395 3602 ὠκύτεραι
420 3512 535 3602 κέρδος
557 3509 693 3602 αἰνῆσαι.
741 3516 854 3596 (Semel
873 3538 928 3600 pro
943 3519 997 3579 tali
1016 3517 1161 3579 infinitivo
1182 3521 1351 3580 substanti-

241 3642 314 3683 vum
328 3623 451 3684 verbale
472 3624 658 3684 abstractum
673 3642 741 3684 cum
762 3622 984 3704 praepositione
1007 3622 1198 3701 conjunctum
1219 3624 1349 3704 legitur:

240 3727 329 3804 frgm.
351 3730 408 3802 73,
431 3731 450 3787 3
473 3720 604 3810 Σκορίαι
629 3722 663 3800 ές
685 3719 816 3807 δι’μελξιν
836 3718 995 3807 γάλακτος
1020 3714 1109 3806 αἶγες
1130 3720 1348 3807 ἐξοχώταται.)

239 3830 257 3890 i.
280 3832 314 3904 6,
338 3833 378 3890 22
403 3822 484 3892 ἰδεῖν
505 3821 671 3914 μορφάεις.
692 3831 712 3893 i.
725 3835 759 3908 3,
781 3834 820 3891 68
843 3823 954 3905 ὀνοτὸς
973 3824 1032 3909 μέν
1050 3822 1199 3910 ἰδέσθαι,
1224 3850 1350 3911 σομιιε-

238 3931 307 3994 σεῖν
323 3929 351 3995 δ’
367 3919 455 4022 ἆκμᾷ
470 3928 579 4019 βαρύς.
616 3954 645 3998 ra
668 3938 724 4011 10,
747 3939 788 3996 20
810 3929 910 4017 βαρὺς
932 3921 1092 4001 ἀντιάσαι.
1123 3954 1151 4015 p.
1174 3940 1209 4014 7,
1234 3941 1251 3998 9
1277 3931 1348 3999 έττι-

239 4029 434 4119 φανέστερον
454 4031 638 4099 πυθέσθαι.
661 4035 680 4101 i.
703 4041 738 4113 2,
761 4041 801 4098 37
824 4029 950 4112 αἰδοῖος
974 4028 1086 4112 ἀστοῖς
1108 4030 1240 4118 ὁμιλεῖν.
1269 4060 1297 4121 p.
1319 4043 1347 4118 6,

238 4139 280 4200 63
305 4135 435 4219 γλυκεῖα
457 4133 538 4222 φρὴν
555 4133 610 4201 καὶ
632 4133 850 4218 σομιτόταισιν
875 4133 1005 4221 ὁμιλεῖν.
1036 4143 1134 4220 n.10,
1158 4145 1196 4204 72
1219 4137 1347 4220 χαλεπὰ

234 4236 262 4304 δ’
282 4233 349 4325 ἔρις
376 4231 565 4326 ἀνθρώποις
586 4235 718 4322 ὁμιλεῖν.
