3066 4928
252 273 293 330 60

250 449 385 540 ἀγαγεῖν.
423 478 451 519 ιι.
476 462 508 536 7,
533 462 571 518 71
595 446 759 542 ζάπομνάω
782 493 822 502 -
845 455 889 544 μὴ
912 451 1018 542 δρσαι.
1055 464 1082 521 n.
1104 465 1139 538 9,
1164 464 1202 522 21
1228 457 1372 522 σπεῦδεν

250 553 392 623 ἱκέσθαι.

336 664 386 726 Ita
413 666 603 745 conjunctum
632 670 680 727 est
709 685 777 727 oum
804 664 951 726 infinitivo
983 667 1093 728 aoristo
1122 669 1213 728 otiam
1236 667 1371 728 verbum

249 764 469 849 μέλλωσιν,
493 774 542 832 οι.
566 747 602 846 ε,
625 773 673 832 aa
698 791 725 850 p.
750 774 786 845 a,
810 771 859 830 53.

336 873 552 935 Memorandus
578 876 737 954 praeterea
758 875 807 934 est
828 873 959 934 aoristus
982 875 1198 952 gnomious,
1228 874 1369 954 quirem

250 978 409 1059 aliquando
431 979 540 1039 faotarn
567 997 637 1039 essa
665 980 696 1038 et
726 997 833 1038 rursus
861 976 928 1037 fieri
950 997 1041 1058 posse
1070 978 1196 1053 indioat,
1232 979 1368 1038 usitatus

249 1082 319 1142 indo
350 1083 388 1143 ab
408 1080 541 1143 Homero
571 1082 653 1163 apud
679 1084 785 1162 postas
807 1079 956 1157 Graecos,
988 1101 1043 1141 neo
1064 1082 1163 1142 minus
1191 1083 1272 1162 apud
1294 1082 1366 1142 Pin-

250 1186 364 1248 darum.
408 1184 566 1247 Interdum
593 1186 745 1246 adduntur
770 1179 854 1246 ποτέ
884 1187 937 1245 aut
958 1184 1067 1246 similia
1093 1206 1122 1266 p.
1146 1191 1181 1264 2,
1213 1188 1253 1248 35
1275 1174 1365 1248 εὗναί

250 1284 461 1372 παράτροποι
485 1280 601 1369 ἔβαλόν
624 1309 715 1352 ποτε.
755 1290 873 1365 0112,
901 1291 920 1350 8
951 1281 1044 1350 οὔπω
1066 1309 1118 1362 τις
1144 1275 1249 1372 εὗρεν,
1284 1309 1363 1368 quae

251 1394 391 1474 exempla
420 1393 510 1454 etiam
537 1393 636 1472 magis
668 1393 699 1454 in
728 1392 856 1472 singulis
886 1392 993 1468 rebus,
1031 1393 1068 1452 de
1098 1394 1207 1472 quibus
1235 1393 1364 1454 sumitur

244 1497 402 1577 generalis
434 1497 598 1574 sententia,
631 1500 807 1570 versantur;
845 1497 905 1557 alia
931 1500 1069 1578 exempla
1094 1500 1165 1557 sunt
1193 1498 1228 1558 ol.
1253 1499 1288 1574 5,
1314 1503 1361 1560 16.

253 1606 288 1680 7,
312 1605 361 1663 31.
383 1623 413 1682 p.
437 1605 472 1677 8,
497 1602 545 1662 15.
568 1621 597 1660 n.
618 1604 654 1676 4,
677 1603 705 1662 4.
723 1605 757 1676 6,
782 1606 820 1661 11
842 1601 894 1675 al.;
917 1602 1008 1662 otiam
1030 1620 1098 1661 oum
1119 1601 1294 1681 pronomine
1314 1623 1360 1663 re-

249 1705 359 1767 lativo:
388 1725 417 1766 n.
438 1710 474 1781 3,
495 1707 537 1764 80
560 1697 666 1778 αἰετὸς
689 1741 729 1748 -
757 1694 793 1778 ὃς
817 1697 930 1784 ἔλαβεν
953 1693 1041 1788 αἶψα
1065 1739 1105 1748 -·
1137 1697 1247 1788 ἄγραν.
1284 1726 1311 1786 p.
1332 1711 1362 1784 2,

252 1811 293 1870 50
315 1799 412 1887 θεός,
437 1797 531 1870 6καί
554 1794 717 1891 πτερόεντ’
740 1799 848 1868 αἰετὸν
871 1800 947 1884 κίχε.

339 1911 497 1972 Interdum
519 1911 609 1972 etiam
630 1931 698 1972 oum
719 1911 874 1992 praesenti
895 1915 1030 1992 tempora
1051 1911 1221 1992 promiscue
1244 1913 1363 1994 positus

250 2015 364 2096 legitur
387 2015 456 2076 talis
478 2013 624 2076 aoristus:
653 2035 680 2094 p.
702 2019 736 2090 2,
759 2018 800 2075 89
830 2010 926 2093 θεὸς,
951 2004 987 2089 ὃς
1009 2008 1113 2093 ἀνέχει
1138 2010 1220 2077 ποτέ
1242 2011 1301 2095 μέν
1322 2010 1364 2077 τὰ

252 2112 379 2197 κείνων,
402 2108 467 2179 τότ’
492 2107 566 2180 αὖθ’
590 2109 712 2201 ἑτέροις
733 2152 770 2161 -
795 2110 914 2180 ἔδωκεν
935 2116 1041 2193 κῦδος.
1075 2119 1110 2180 ot
1133 2140 1163 2200 p,
1184 2121 1218 2194 2,
1241 2120 1290 2180 50.
1313 2123 1363 2182 51.

250 2243 278 2284 n.
301 2227 335 2301 3,
360 2226 409 2283 41.
433 2225 483 2283 42.

289 2336 292 2342 ’
340 2326 422 2397 Quin
444 2327 535 2387 etiam
561 2345 629 2387 oum
648 2326 749 2386 futuro
771 2326 941 2404 promiscue
963 2325 1080 2406 positus
1103 2328 1151 2386 est
1180 2325 1311 2386 aoristus
1333 2324 1364 2385 in

134 2503 138 2512 ⁵
253 2431 403 2492 sententia
424 2430 612 2492 conditionali
642 2449 671 2489 n.
694 2434 750 2504 11,
774 2434 814 2490 13
842 2420 944 2504 εἴτις
971 2422 1066 2509 ὄλβον
1095 2422 1174 2508 dictor
1195 2421 1363 2512 παραμεύ-

254 2554 407 2596 σεται-
432 2527 464 2595 έν
487 2526 512 2595 τ’
536 2525 706 2594 ἀέθλοισιν
729 2526 894 2608 ἐπέδειξεν
914 2526 999 2613 βίαν,

341 2643 367 2700 6.
397 2637 587 2699 Futurum
609 2637 795 2697 voluntatem
814 2636 926 2697 indioat
946 2637 1097 2698 nonnullis
1116 2637 1208 2699 loois:
1228 2659 1256 2699 n.
1273 2640 1302 2715 5,
1324 2643 1363 2700 16

254 2735 424 2823 στάσομαι.
462 2742 550 2822 frgm.
573 2745 635 2804 118
665 2731 885 2826 προφατεύοω
914 2736 941 2802 δ’
967 2734 1029 2821 ἐμώ
1062 2743 1122 2820 (iod
1144 2743 1212 2804 will
1234 2743 1364 2826 Propon

252 2849 336 2925 εεωι).
372 2848 390 2908 i.
412 2853 446 2925 3,
477 2851 518 2908 90
546 2839 744 2925 κωμάξομαι.
781 2845 897 2920 01.10,
921 2847 962 2906 14
992 2839 1165 2929 κελαδήσω.
1203 2866 1230 2906 ιι.
1254 2850 1290 2922 9,
1321 2850 1362 2906 10

252 2941 438 3034 ἐπασκήσω.
474 2970 502 3010 n.
524 2953 558 3026 7,
588 2953 628 3011 63
658 2941 785 3010 αἰνέσω.
823 2969 850 3028 p.
873 2951 930 3024 10,
961 2952 1000 3009 69
1030 2941 1186 3032 ἀδελφοὺς
1208 2944 1364 3034 ποταινή-

253 3073 367 3134 σομεν,
400 3053 466 3114 aliis
487 3053 576 3127 loais3
606 3053 758 3113 interdum
788 3051 918 3113 dubitari
947 3055 1063 3132 potest,
1094 3073 1166 3113 num
1197 3072 1252 3115 eae
1271 3071 1363 3115 voees

255 3158 315 3220 sint
337 3158 436 3218 futura
458 3177 498 3218 an
519 3193 561 3201 —
584 3156 682 3217 vocali
702 3160 841 3236 oorrepta
863 3190 907 3201 -·-
929 3155 1111 3236 conjunctivi
1132 3156 1242 3217 aoristi

339 3260 445 3342 Ipsum
466 3262 594 3322 verbum
614 3259 779 3321 voluntatis
800 3261 844 3320 ita
865 3262 1044 3339 usurpatum
1067 3263 1130 3338 est,
1152 3263 1188 3320 ut
1207 3259 1363 3343 auxiliaris

253 3368 316 3428 iera
338 3366 424 3427 verbi
444 3365 476 3426 in
497 3365 618 3426 modum
640 3364 775 3424 additum
799 3363 839 3423 sit
860 3361 1006 3424 infinitivo
1029 3363 1114 3424 verbi
1142 3364 1180 3442 (ἓ.
1198 3367 1253 3438 12,
1277 3369 1309 3439 1,
1329 3365 1362 3440 b)

253 3472 289 3533 ol
310 3475 345 3546 7,
369 3473 410 3531 20
432 3463 580 3553 ἐθελήσω
601 3465 799 3550 διορθῶσαι,
821 3465 902 3547 quod
924 3465 1004 3526 idom
1026 3467 1090 3528 lere
1114 3465 1263 3546 signifieat
1284 3468 1365 3548 quod

254 3569 378 3637 ἐθέλων
399 3561 584 3655 διορθώσω.

338 3677 496 3738 Interdum
517 3676 665 3752 futurum,
697 3693 790 3752 quum
811 3694 876 3735 rom
899 3674 1061 3734 instantem
1088 3673 1224 3735 omnibus
1244 3673 1365 3751 indioot,

254 3782 332 3843 siout
353 3781 484 3842 aoristus
506 3779 537 3840 in
560 3778 733 3858 generalem
757 3779 938 3839 sententiam
959 3777 1069 3838 transit
1090 3777 1243 3858 (Krueger
1258 3781 1313 3854 53,
1335 3783 1363 3856 7,

252 3892 280 3946 1.
303 3885 349 3961 8):
372 3905 401 3964 p.
422 3889 479 3960 12,
504 3887 544 3945 30
567 3873 658 3944 ἔσται
678 3872 806 3964 χρόνος,
832 3869 911 3942 δ·-
936 3873 1078 3960 έλιπαλιν
1098 3876 1225 3963 γνώμας
1244 3875 1282 3943 τὸ
1304 3877 1365 3960 μὲν

253 3980 392 4065 δώσει,
414 3983 500 4050 τὸδ’
522 3979 628 4059 atinum
658 3988 691 4046 at
713 3987 803 4047 etiam
823 3987 921 4064 magis
949 3985 986 4045 ol.
1006 3989 1037 4062 8,
1061 3987 1102 4047 53
1124 3979 1259 4070 τερπνὸν
1282 3983 1309 4047 δ’
1329 3980 1364 4047 ἒν

252 4083 445 4176 ἀνθρώποις
470 4084 542 4153 ἴσον
570 4085 739 4155 ἔσσεται
766 4080 860 4151 οὐδέν
867 4113 874 4163 ;
903 4093 974 4170 post
1000 4109 1164 4170 pronomen
1187 4089 1363 4151 relativum:

253 4198 289 4258 ol.
311 4201 346 4276 6,
378 4198 417 4257 75
447 4197 560 4274 μῶμος
586 4187 742 4277 κρέμαται
769 4191 840 4265 τοῖς
866 4179 916 4266 οἷς
939 4191 1025 4254 ’ποτε
1055 4184 1245 4269 ποιιστάξει
1272 4189 1364 4276 χάρις

250 4290 396 4386 μορφάν,
418 4298 469 4360 ubi
490 4298 711 4381 oonjunotivum
734 4297 943 4377 expectaveris
963 4299 1063 4379 (quem
1079 4297 1181 4378 posuit
1195 4297 1363 4377 Borgkiusl
