3066 4928
286 249 327 308 34

264 439 437 519 'nunquam
459 438 539 520 apud
561 437 721 500 Pindarum
744 457 812 500 cum
831 439 958 500 nominis
981 457 1054 500 casu
1068 438 1227 518 leguntur,
1249 440 1283 500 ut
1298 429 1404 516 ίδισς,

283 534 420 620 οἰκεῖος,
443 537 552 620 ἄλλος,
576 535 594 605 δ
613 535 715 618 αὐτός.

369 646 455 709 Inter
481 648 691 724 adverbia,
719 667 796 728 quae
828 647 1066 728 conjunctionem
1092 647 1240 724 indicant,
1269 647 1403 727 conjun-

283 755 397 834 guntur
420 772 487 814 curn
509 753 568 814 dat.
591 745 683 816 ἔνδον
711 773 740 814 n.
763 758 797 830 3,
822 754 871 814 52.
897 755 929 830 7,
953 755 995 813 44
1027 756 1107 828 (oum
1129 772 1197 832 gen.
1220 754 1256 814 ol
1278 756 1313 828 2,
1338 755 1402 816 84.

285 861 322 934 ν,
344 861 393 918 ιν.
415 878 443 938 p.
466 862 523 933 11,
547 853 617 942 64);
648 850 728 938 μίγα
749 878 779 938 p.
803 859 840 934 4,
864 860 943 930 1133
972 849 1044 938 ἄγχι
1065 877 1094 920 n.
1116 861 1154 933 a,
1177 863 1212 932 e;
1242 849 1339 938 ἀγχοῦ
1369 877 1402 920 n.

285 966 318 1040 9,
340 965 383 1023 40
412 962 477 1040 (sed
501 954 634 1042 άμχιστα
656 981 724 1022 cum
747 981 814 1041 gen.
837 962 854 1023 i.
875 965 911 1039 2,
936 964 984 1023 10.
1015 981 1042 1022 n.
1064 966 1099 1038 9,
1124 964 1184 1038 55).
1229 961 1402 1040 singulare

283 1072 331 1128 est
350 1061 454 1140 πέλας
475 1085 542 1128 cum
562 1066 663 1128 dativo
682 1067 850 1146 postposito
874 1066 909 1128 ol.
928 1069 960 1143 7,
986 1069 1040 1140 19;
1064 1066 1232 1146 anteposito
1254 1087 1282 1128 n.
1299 1071 1352 1142 11,
1377 1071 1402 1126 4

282 1171 330 1250 (ei
352 1170 495 1251 Aeschyl.
518 1170 614 1251 suppl.
638 1174 721 1248 194).
754 1161 866 1253 τύμβῳ
888 1164 1001 1247 σχεδόν
1023 1190 1052 1232 n.
1073 1175 1131 1247 10,
1155 1175 1205 1238 66.

367 1274 519 1356 Denique,
542 1276 621 1356 quod
643 1276 803 1338 audentius
824 1276 959 1352 videtur,
983 1275 1073 1336 etiam
1093 1275 1401 1337 substantivum

282 1380 521 1460 conjunctionem
543 1379 714 1459 significans
738 1381 929 1460 conjunctum
954 1383 1001 1442 est
1029 1400 1096 1442 cum
1119 1380 1220 1442 dativo
1242 1401 1272 1460 p.
1289 1384 1326 1456 1,
1349 1383 1399 1440 98

282 1472 359 1547 ovidi
396 1505 443 1545 νιν
486 1475 659 1567 φόρμιγγες
694 1520 739 1530 -
785 1479 1006 1547 κοινωνίαν
1042 1481 1218 1565 μαλθακὰν
1260 1476 1399 1547 παίδων

281 1575 447 1673 ὀάροισι
470 1583 615 1650 δέκονται
639 1590 686 1668 (cf.
708 1610 738 1652 n.
758 1593 795 1665 3,
815 1594 852 1650 11
878 1583 992 1652 κείνων
1012 1577 1124 1669 ὀάροις
1144 1579 1370 1669 κοινάσομαι).

369 1687 420 1756 Π.
460 1695 489 1752 8.
524 1692 620 1753 Venio
641 1711 720 1752 nunc
743 1692 780 1752 ad
806 1692 1153 1754 instrumentalem
1175 1693 1270 1753 dativi
1292 1713 1398 1770 usum,

282 1795 320 1856 de
350 1815 408 1876 quo
440 1789 510 1856 ante
542 1795 640 1857 onnia
670 1795 895 1856 memorandum
924 1800 986 1872 est,
1021 1795 1184 1857 Pindarum
1205 1797 1286 1856 haud
1312 1815 1397 1872 raro,

280 1900 331 1960 ubi
354 1919 410 1961 nos
433 1919 450 1960 e
470 1899 586 1960 duabus
607 1901 699 1960 rebus
721 1898 847 1960 alteram
868 1898 992 1961 alterius
1015 1919 1137 1962 cansam
1159 1919 1227 1960 esse
1255 1899 1397 1975 dicimus,
1492 1953 1493 1960 ,

282 2004 372 2086 spatii
392 2005 508 2064 tantum
529 2003 579 2062 rel
601 2005 745 2084 temporis
775 2005 1012 2084 conjunctionem
1041 2004 1310 2086 praepositionibus
1340 2007 1396 2066 de-

281 2113 398 2170 notare.
441 2107 491 2169 Ita
514 2127 605 2187 saepe
629 2100 661 2168 ἒν
682 2113 714 2168 et
736 2102 792 2168 σίν
812 2109 928 2189 positae
949 2111 1036 2185 sunt,
1058 2110 1111 2170 ubi
1125 2108 1261 2170 dativum
1277 2111 1394 2170 instru-

281 2213 443 2275 mentalem
462 2212 687 2292 expectaveris,
708 2212 794 2273 relut
810 2233 838 2274 n.
857 2217 915 2288 11,
937 2216 977 2273 17
999 2207 1034 2274 ἐν
1054 2204 1163 2293 λόγοις
1185 2201 1292 2274 ἀστῶν
1312 2205 1392 2294 ἀμα-

281 2318 395 2380 θοῖσιν
413 2310 590 2379 αἰνεῖσθαι.
622 2320 662 2378 28
682 2307 893 2400 ἀνδησάμενοι
915 2311 1017 2397 κόμαν
1039 2311 1074 2377 ἐν
1089 2310 1199 2400 ἔρνεσι.
1227 2321 1325 2394 n.10,
1347 2320 1388 2378 48

282 2417 339 2484 σὺν
363 2417 473 2483 ποδῶν
491 2423 606 2503 χειρῶν
633 2440 668 2481 τε
698 2422 829 2482 νικᾶσαι
859 2413 980 2482 σθένει.
1001 2455 1045 2465 -
1081 2419 1146 2480 Nec
1166 2420 1265 2481 minus
1293 2412 1380 2502 ἀμφί,

281 2517 375 2604 περί,
404 2518 463 2584 ἐντί
483 2542 694 2604 nonnunquam
717 2542 838 2584 causam
863 2523 1011 2598 indicent,
1038 2524 1124 2603 cujus
1147 2544 1221 2584 usus
1242 2523 1385 2585 Pindarici

282 2627 421 2707 exempla
443 2627 565 2706 collegit
584 2625 723 2701 Bossler,
752 2625 798 2686 De
819 2627 1074 2706 praepositionum
1096 2647 1155 2688 usu
1180 2628 1260 2707 apud
1280 2627 1387 2690 Pinda

281 2751 357 2791 rum.
402 2729 586 2792 Darmstadii
607 2731 700 2790 1862.

369 2833 552 2916 Saepissime
573 2854 646 2895 vero
662 2833 782 2894 dativus
803 2833 915 2894 indicat
935 2833 1234 2895 instrumentum
1258 2856 1316 2914 quo
1335 2837 1389 2896 ali-

282 2939 351 3022 quid
375 2939 544 3020 perficitur,
567 2943 598 2998 et
617 2938 737 3018 proprio
759 2958 867 3012 sensu,
889 2943 924 2998 ut
942 2939 979 3000 ol.
998 2943 1033 3014 1,
1051 2941 1093 2998 49
1115 2931 1257 3022 μαχαίρᾳ
1276 2931 1389 3019 τάμον.

282 3066 310 3106 n.
334 3047 392 3121 10,
416 3045 456 3105 35
489 3035 565 3126 γαίᾳ
587 3035 749 3125 καυθείσᾳ
777 3037 855 3125 πυρὶ
877 3037 1003 3126 καρπὸς
1034 3035 1144 3116 ἐλαίας
1171 3034 1300 3121 ἔμολεν,
1336 3044 1388 3104 ubi
1494 3085 1495 3106 ι

280 3166 370 3226 vasa,
401 3149 432 3209 in
460 3147 567 3227 quibus
598 3147 696 3207 oleum
718 3147 871 3225 portatur,
900 3146 1040 3207 dicuntur
1061 3146 1223 3226 perfecisse
1250 3148 1388 3227 deporta-

281 3253 410 3321 tionem:
447 3256 479 3312 et
506 3250 653 3313 translata
681 3249 913 3328 significatione,
940 3251 1026 3311 velut
1047 3251 1083 3311 ol.
1103 3253 1140 3326 2,
1153 3254 1221 3312 ¹53:
1258 3237 1389 3334 άρεταῖς

281 3348 480 3434 δαιδάλλειν,
505 3355 570 3416 alia

344 3459 467 3538 ¹Saepe
494 3459 570 3519 tales
599 3456 692 3518 dativi
721 3456 785 3516 sine
814 3457 907 3517 verbo
939 3476 1006 3518 cum
1035 3459 1202 3519 nominibus
1230 3459 1389 3538 conjuncta

282 3569 367 3641 sunt,
391 3565 426 3626 cf.
450 3563 473 3642 ς.
495 3565 548 3640 14,
573 3565 601 3622 3.

367 3667 530 3728 Praeterea
556 3701 599 3710 -
629 3665 722 3726 missa
749 3666 952 3746 exemplorum
978 3687 1046 3727 cum
1077 3667 1195 3744 vulgari
1225 3688 1284 3729 usu
1318 3687 1387 3728 con·

281 3774 455 3852 gruentium
476 3770 625 3850 copia-
655 3771 906 3846 commemorabo,
937 3789 1029 3851 saepe
1056 3789 1123 3830 cum
1146 3771 1246 3832 verbis
1275 3770 1387 3832 intran-

282 3875 378 3937 sitivis
409 3875 544 3936 dativum
570 3874 830 3935 instrumentalem
851 3875 893 3935 ita
915 3875 1073 3954 conjungi,
1102 3878 1137 3935 ut
1158 3894 1237 3937 nova
1259 3875 1388 3956 quadam

280 3980 402 4039 notione
422 3977 524 4038 addita
544 3977 595 4037 rel
615 3977 711 4059 ipsius
733 3978 819 4039 verbi
840 3976 1057 4055 significatione
1079 3981 1167 4038 aucta
1187 3983 1219 4037 et
1240 3979 1389 4059 explicata

282 4083 404 4162 gravior
432 4081 576 4142 reddatur
605 4083 716 4156 oratio;
749 4084 835 4162 cujus
869 4082 1093 4143 consuetudinis
1127 4082 1267 4163 exempla·
1297 4087 1386 4146 sunt:

282 4188 319 4250 ol.
340 4191 397 4263 11,
423 4188 462 4246 65
494 4182 597 4248 ποσσὶ
618 4181 744 4270 τρέχων.
781 4207 809 4246 n.
831 4190 865 4263 8,
890 4191 928 4248 19
958 4184 1095 4267 ἵσταμαι
1117 4183 1222 4250 ντοσσὶ
1244 4182 1388 4272 κούφοις.

282 4291 348 4366 (sed
370 4311 399 4352 n.
420 4295 455 4368 l,
478 4292 519 4352 50
548 4285 671 4352 ποσσὶν
699 4281 850 4361 δίττεπλος
876 4276 1050 4372 δρσίσαισα
1079 4294 1182 4352 contra
1203 4290 1388 4352 Boeckhium
