3066 4928
251 279 292 340 70

248 465 292 532 40
315 459 489 552 ἐθελήσαις
510 465 611 529 ταῦτα
633 460 699 551 νόῳ
720 463 864 549 τιθέμεν.
894 489 923 534 n.
948 473 976 544 7,
998 470 1040 530 90
1062 461 1176 531 ἐθέλοι
1195 459 1304 530 ναίειν.
1327 469 1371 531 ol.

251 575 286 647 7,
309 575 351 632 20
371 564 519 655 ἐθελήσω
539 568 736 653 διορθώσειν
757 597 800 624 =
823 563 1014 656 διορθώσει,
1039 571 1136 634 alibi·

338 676 366 752 ο)
392 674 458 736 Nec
484 676 584 738 minus
615 676 889 738 substantivis
921 676 1026 738 similis
1058 675 1284 756 significationis
1311 677 1369 737 ad-

250 777 331 840 ditur
352 779 533 842 infinitivus:
561 779 578 841 i
601 785 636 855 3,
660 783 701 841 20
723 768 914 859 εὐμαχανίαν
937 773 1117 864 ἔφανας-
1146 776 1276 844 διώκειν
1301 769 1366 860 (εδ-

248 873 389 961 μάχανος
409 872 437 946 ελ
458 879 603 963 διώκειν).
625 903 653 945 n.
670 889 706 961 3,
729 887 767 946 31
793 877 976 968 ποτίφορον
999 879 1119 964 κόσμον
1139 877 1253 965 ἔλαβες
1270 880 1369 966 γλυκύ

247 1007 280 1048 τι
310 982 463 1069 γαρυέμεν
483 1012 519 1040 =
541 988 725 1052 commodum
756 991 912 1072 occepisti,
946 987 1023 1051 ιιιιιλα
1044 986 1131 1051 dulce
1154 987 1270 1071 aliquid
1298 998 1368 1050 curess

248 1093 431 1182 irripuerit.
462 1111 491 1153 n.
514 1096 546 1170 7,
572 1095 631 1153 105
655 1081 781 1174 ἀπορία
799 1086 927 1154 τελέθει
949 1127 991 1138 -
1014 1084 1185 1173 ἀμπολεῖν.
1216 1113 1243 1152 n.
1263 1096 1297 1169 6,
1321 1095 1362 1153 51

249 1193 404 1258 πλατεῖαι
430 1189 497 1257 ἐντί
518 1189 691 1277 πρόςοδοι,
718 1199 821 1258 νᾶσον
840 1190 935 1258 τάνδε
955 1197 1095 1277 κοσμεῖν.
1131 1197 1219 1276 frgm.
1243 1199 1320 1272 150,
1343 1199 1365 1258 5

247 1288 286 1382 ἦν
306 1294 342 1362 δέ
368 1290 479 1363 ίδόντα
503 1295 666 1381 διακρῖναι
691 1294 813 1380 πολλὸς
834 1295 868 1364 ἐν
891 1301 993 1384 καιρῷ
1013 1291 1135 1384 χρόνος.
1164 1300 1252 1381 frgm.
1271 1303 1364 1377 75,2

248 1395 365 1466 είθεῖα
387 1399 427 1489 δὴ
448 1398 604 1479 κέλευθος
625 1395 741 1488 ἀρετάν
767 1396 857 1466 ἑλεῖν.

337 1507 367 1583 d)
399 1504 701 1568 Pronominibus
732 1507 1056 1570 demonstrativis
1089 1509 1165 1570 tales
1197 1503 1363 1572 infinitisos

248 1611 402 1692 appositos
425 1645 468 1655 -
491 1613 570 1693 quod
589 1631 649 1673 non
669 1612 713 1673 ita
735 1631 836 1672 rarum
856 1621 905 1674 est
926 1614 1007 1694 apud
1029 1611 1194 1674 Homerum
1216 1615 1364 1694 tragicos·

249 1735 306 1796 que
327 1717 434 1798 poetas
456 1717 550 1776 -in
569 1716 691 1778 Pindari
710 1718 891 1778 carminibus
914 1737 974 1778 non
996 1717 1114 1793 inveni3
1148 1718 1265 1780 duobus
1288 1738 1363 1782 uero

248 1819 321 1880 locis
343 1819 464 1882 insolito
480 1821 567 1882 modo
588 1820 754 1882 infinitivus
777 1841 845 1882 oum
865 1821 986 1882 nomine
1002 1822 1178 1902 conjunctus
1201 1825 1260 1898 est,
1283 1823 1364 1901 quod

248 1925 308 1984 tale
333 1931 396 2002 est,
418 1928 455 1985 ut
476 1946 516 1986 ex
538 1945 574 1986 eo
596 1925 672 1987 actio
696 1925 781 1987 verbi
803 1929 1018 2007 consequatur3
1041 1927 1092 1986 ubi
1112 1926 1268 2007 prosaicus
1291 1928 1363 1988 scri-

249 2028 318 2107 ptor
339 2027 493 2109 posuisset
515 2021 615 2091 δίστει
638 2029 656 2090 i.
676 2032 712 2103 5,
734 2032 776 2089 44
800 2027 854 2090 νῦν
877 2045 914 2090 σε
936 2020 1092 2107 λίσσομαι
1113 2025 1247 2090 παῖδα
1270 2019 1362 2112 ἀνδρὶ

247 2128 341 2212 τῷδε,
367 2127 466 2208 ξεῖνον
482 2127 559 2212 ἐμὸν
575 2124 733 2217 μοιρίδιον
754 2125 918 2194 τελέσαι
935 2151 1026 2215 posco
1043 2149 1061 2192 σ
1076 2134 1105 2192 te
1115 2129 1223 2210 fllium
1240 2134 1364 2212 (talem),

251 2237 304 2316 qui
332 2237 477 2320 hospitem
508 2259 607 2300 mcum
631 2236 758 2317 felicem
787 2235 902 2298 reddat.
949 2235 969 2299 i.
1000 2239 1032 2310 3,
1069 2238 1087 2294 9
1119 2226 1189 2296 ἔστι
1222 2227 1363 2315 διδύμων

234 2329 379 2402 ’ἀέθλιον
399 2334 559 2425 Μελίσσῳ
587 2343 730 2425 μοῖρα,
766 2336 850 2424 πρὸς
879 2329 1076 2425 εὐφροσύναν
1104 2333 1260 2422 τρέψαι
1289 2337 1361 2421 γλυ-

248 2443 338 2505 κεῖαν
358 2435 434 2530 ἦτορ
455 2467 534 2524 εονε,
557 2467 631 2530 ροσε
653 2449 817 2522 concertat,
840 2446 922 2508 sive:
946 2449 1016 2528 opta
1038 2443 1077 2506 ool
1097 2444 1329 2517 convertendum.

339 2546 476 2627 Cognata
499 2552 618 2611 videtur
641 2554 794 2612 structura
816 2549 874 2610 loci
903 2569 931 2630 p.
957 2552 1012 2624 10,
1037 2551 1078 2608 48
1101 2542 1175 2627 ἐμοί
1200 2543 1236 2610 δέ
1258 2549 1360 2610 θαυ-

250 2646 376 2731 μάσαι
404 2653 491 2715 θεῶν
518 2645 712 2716 τελεσάντων
739 2643 830 2718 αι’·δέν
859 2645 1008 2736 φαίνεται
1031 2646 1128 2731 ἔμμεν
1157 2643 1361 2729 ἄπιστον,

250 2757 300 2817 ubi
327 2749 498 2837 θαυμάσαι
528 2758 722 2838 singulariter
745 2757 935 2837 conjunctum
962 2755 1084 2816 videtur
1112 2775 1179 2816 cum
1202 2747 1361 2817 άπιστονε

248 2861 326 2923 nillil
346 2863 424 2924 milri
438 2863 632 2926 mateteriam
647 2859 835 2938 incredibile,
857 2863 891 2922 ut
904 2863 999 2922 mr'rer
1013 2865 1092 2938 (zum
1104 2858 1235 2922 Statura
1247 2865 1346 2941 prees)
1354 2884 1361 2932 ;

248 2965 283 3026 cf.
306 2965 404 3026 locum
428 2986 520 3048 supra
543 2967 667 3028 allatum
688 2986 717 3027 n.
740 2969 796 3040 10,
823 2967 871 3025 78.

337 3074 364 3130 2.
400 3068 513 3132 Ultima
533 3089 610 3153 quae
631 3071 719 3131 attuli
739 3068 879 3150 exempla
902 3068 963 3148 jam
985 3068 1122 3149 proxime
1150 3067 1295 3128 accedunt
1323 3067 1363 3128 ad

249 3173 429 3236 infinitivum
462 3194 547 3250 eum,
586 3174 636 3257 qui
668 3175 779 3235 indicet
812 3174 959 3234 actionem
994 3171 1081 3232 alteri
1114 3170 1224 3232 actioni
1259 3191 1361 3234 succe-

248 3278 386 3354 dentem,
408 3279 472 3339 sive
495 3280 526 3340 id
547 3279 600 3341 fiat
621 3280 659 3339 de
680 3277 802 3339 consilio
823 3277 952 3338 hominis
976 3275 1109 3354 agentis,
1134 3274 1199 3334 sive
1222 3294 1361 3336 necessa-

248 3382 292 3443 rio
315 3401 417 3443 rernm
447 3402 564 3444 conexu
593 3383 802 3460 consequatur.
848 3379 1031 3460 Saepissime
1059 3378 1113 3439 tali
1142 3377 1289 3440 infinitivo
1317 3381 1361 3441 ita

249 3504 323 3545 usus
347 3487 394 3546 est
415 3485 580 3560 Pindarus,
606 3488 642 3545 ut
664 3484 795 3564 applicet
816 3502 849 3543 se
872 3482 984 3542 autad
1005 3500 1115 3540 nomen
1138 3480 1257 3560 aliquod
1282 3481 1360 3558 (sive

249 3588 398 3669 objectum
425 3589 491 3650 eive
518 3584 686 3670 subjectum
710 3587 834 3648 actionis
865 3587 931 3646 sive
960 3585 1016 3645 alio
1040 3585 1127 3645 modo
1150 3585 1359 3645 adactionem

249 3693 415 3773 pertinens)
438 3694 550 3754 autad
571 3694 713 3768 verbum,
736 3693 822 3772 cujus
844 3690 996 3752 notionem
1014 3692 1127 3767 augeat
1145 3693 1176 3750 et
1196 3689 1360 3770 compleat3

247 3797 345 3857 rarius
370 3799 408 3858 ad
433 3801 526 3858 totam
548 3799 728 3859 sententiam
749 3796 890 3878 apposuit
911 3793 1098 3855 infinitivum.

337 3897 368 3982 a)
390 3900 561 3962 Infinitivus
584 3921 617 3961 se
637 3901 767 3982 applicat
789 3900 997 3973 adnomen,
1020 3897 1100 3976 quod
1116 3897 1243 3978 subjecti
1261 3897 1359 3959 locum

247 4007 331 4067 tenet
361 4007 392 4064 in
421 4025 473 4082 ea,
507 4025 597 4086 quam
625 4007 749 4068 denotat
775 4003 958 4078 infinitivus,
992 4003 1124 4063 actione:
1160 4003 1249 4081 frgm.
1274 4007 1308 4080 6,
1341 4007 1357 4064 1

253 4102 355 4188 Θέμιν
375 4142 417 4152 -
447 4096 526 4189 ἆγον
534 4157 541 4186 ,
573 4099 689 4187 άλοχον
711 4103 793 4182 Διὸς
824 4099 921 4187 έμμεν
949 4110 982 4169 ut
1003 4125 1038 4168 eo
1066 4125 1146 4167 υτον
1167 4104 1249 4167 Jovis
1274 4111 1358 4169 εεεεί.

173 4269 175 4275 .
247 4233 275 4293 p.
300 4215 335 4288 5,
362 4215 401 4274 90
422 4212 489 4290 (84)
519 4201 701 4292 εὐθντόμον
722 4206 883 4294 κατέθηκε
914 4201 1058 4272 πεδιάδα
1080 4244 1119 4254 -
1150 4203 1247 4290 έμμεν
1273 4201 1356 4274 ὁδόν.

248 4316 285 4378 ol.
308 4321 343 4395 9,
376 4321 415 4378 63
447 4307 595 4400 μάτρωος
625 4307 779 4379 ἐκάλεσσέ
810 4338 921 4377 νιν-
951 4307 1112 4394 ἰσώνυμον
1137 4307 1245 4395 έμμεν.
1282 4337 1310 4377 n.
1331 4321 1359 4392 1,
