3066 4928
1226 299 1266 360 35

156 488 192 546 at
215 483 379 545 Dissenum
400 483 535 545 dativum
558 503 625 546 oum
647 484 796 564 adjectivo
819 475 969 559 ἀπεπλος
990 486 1159 566 conjungo).
1192 507 1221 548 n.
1241 491 1268 563 7,

152 574 202 668 66
225 580 347 667 όμματι
370 581 524 669 δέρκομαι
546 580 704 668 λαμπρόν.
735 587 772 649 ol.
794 591 828 663 7,
852 589 892 648 37
914 579 1066 664 ἀλάλαξεν
1087 582 1272 673 ὑπερμακέῖ

157 693 232 778 βοᾷ.
269 713 297 772 p.
322 695 360 767 3,
385 694 447 751 102
472 685 551 775 πυρί
570 683 749 772 καιόμενος.
784 693 802 752 i.
823 695 856 768 6,
878 695 896 753 5
921 685 1057 776 νίφοντα
1077 694 1183 777 χρυσῷ
1203 697 1269 772 (sed

158 816 228 859 oum
258 795 355 883 simili
368 796 461 856 verbo
493 796 683 858 accusativus
713 797 889 877 conjunctus
915 802 962 857 est
991 798 1026 858 oL
1048 801 1065 858 7
1072 845 1089 874 ,
1107 801 1185 859 10οι
1211 788 1268 862 ὗσε

157 895 296 985 χρυσόν).
331 921 359 980 p.
379 904 416 978 4,
442 905 503 962 179
528 891 731 978 κεχλαδόντες
751 895 822 985 ἥβᾳ.
854 901 873 963 i.
896 906 931 977 3,
954 905 994 962 36
1016 892 1123 985 ῥόδοις
1144 893 1268 965 ἀνθεῖν.

160 1007 179 1072 i.
201 1010 236 1082 6,
256 1009 298 1067 49
320 999 438 1090 χρυσέᾳ
459 997 545 1089 κόμᾳ
565 1001 703 1068 θάλλων.
734 1025 763 1085 p.
783 1011 841 1081 11,
863 1007 904 1066 52
927 1005 1040 1090 μακρῷ
1061 998 1148 1090 ὄλβῳ
1168 1009 1267 1092 τεθη-

158 1102 248 1173 λότα.
272 1112 291 1175 i.
314 1114 351 1186 3,
374 1112 414 1170 22
438 1096 509 1171 αἷσι
531 1101 698 1194 (ἀρεταῖσι)
723 1103 917 1186 θάλλοντες,
944 1115 977 1171 et
999 1111 1136 1172 similiter
1156 1112 1267 1174 dietum

160 1221 234 1298 puto
256 1236 285 1296 p.
307 1219 343 1291 4,
369 1216 409 1274 65
437 1202 499 1276 ὧτε
518 1209 777 1298 φοινικανθέμου
798 1203 874 1298 ἦρος
893 1201 982 1300 ἀκμᾷ
1006 1251 1048 1260 -
1068 1211 1185 1278 θάλλει
1197 1209 1269 1301 Ἀρ

160 1312 305 1396 κεσίλας,
334 1319 386 1379 ubi
406 1306 494 1402 ἀκμᾷ
515 1307 591 1402 ἦρος
617 1338 676 1379 non
699 1324 818 1400 tempus
842 1319 1010 1398 significare
1033 1320 1187 1397 existimo,
1214 1322 1268 1383 sed

124 1491 128 1499 ἱ
161 1442 197 1484 ea
211 1424 305 1484 verba
327 1440 422 1501 aeque
444 1423 534 1499 atque
556 1422 587 1480 in
602 1422 850 1502 praecedentibus
866 1424 1013 1504 exemplis
1029 1423 1147 1485 dativus
1161 1416 1268 1508 ῥόδοις

161 1529 193 1587 et
212 1521 297 1610 κόμᾳ
319 1544 386 1585 oum
405 1524 498 1584 verbo
520 1518 635 1585 θάλλει
658 1525 815 1604 conjungo,

249 1635 277 1693 9.
317 1628 496 1704 Causam,
521 1629 601 1708 quod
622 1629 652 1688 in
673 1628 841 1690 Homericis
865 1630 1044 1693 carminibus
1066 1649 1134 1693 raro
1156 1632 1268 1693 factum

162 1738 223 1812 ast,
253 1734 355 1795 dativo
377 1733 525 1794 Pindarus
553 1733 634 1793 haud
661 1751 730 1799 raro
752 1734 923 1796 denotarit:
959 1755 989 1815 p.
1010 1739 1048 1812 4,
1071 1739 1111 1814 ‚27
1133 1727 1266 1820 μήδεσιν

160 1827 265 1920 ἀμοῖς.
300 1859 330 1919 p.
350 1841 385 1914 4,
408 1841 470 1898 233
493 1836 557 1918 πῦρ
579 1857 628 1900 νιν
651 1833 707 1900 οάκ
730 1829 813 1899 έόλει
836 1831 941 1914 ξείνας
963 1834 1119 1924 ἐφετμαῖς
1140 1845 1268 1923 propter

153 1947 323 2027 praecepto.
354 1962 382 2022 p.
400 1945 457 2017 10,
481 1945 519 2000 11
543 1940 630 2015 τεοῖς
647 1937 788 2024 μήδεσιν.
819 1941 857 2002 ol.
878 1946 912 2019 9,
934 1946 976 2003 84
998 1937 1153 2028 προξενίᾳ
1168 1931 1267 2028 ἀρετᾷ

156 2035 183 2108 τ’
208 2038 322 2132 ἦλθον.
346 2045 364 2109 i.
385 2047 420 2123 5,
446 2047 486 2104 70
508 2039 603 2120 ξένων
625 2038 818 2128 εὐεργεσίαις
839 2037 1004 2127 ἀγαπᾶται
1026 2079 1060 2097 =
1074 2053 1202 2131 propter
1222 2050 1268 2111 be

158 2149 264 2230 deficio
285 2169 355 2231 erpo
374 2151 509 2231 hospites.
538 2168 567 2228 p.
586 2153 619 2225 3,
645 2153 684 2209 13
706 2136 928 2227 ἀμπλακίαισι
948 2151 1076 2233 φρενῶν.
1099 2152 1134 2212 od
1154 2158 1203 2228 11,
1225 2156 1268 2212 24

161 2242 305 2338 ἀβουλίᾳ.
343 2255 378 2314 ol.
398 2260 432 2329 1,
456 2254 496 2313 56
519 2243 604 2335 κόρῳ
627 2247 696 2314 έλεν
719 2243 799 2313 ἀταν
820 2257 948 2336 propter
966 2257 1145 2337 superbiam.
1181 2255 1218 2317 oL
1238 2261 1268 2333 3,

162 2362 202 2420 28
225 2350 385 2440 ἀγγελίαις
404 2348 589 2440 Εὐρυσθέος
604 2358 698 2440 jerasa
720 2357 890 2438 Eurysthei.
918 2378 947 2438 p.
965 2360 998 2435 8,
1022 2359 1064 2418 80
1086 2350 1267 2440 συγγόνοισι

159 2456 291 2542 τέχναις.
323 2482 352 2523 n.
374 2465 429 2538 10,
453 2463 471 2521 5
494 2459 566 2536 ταῖς
584 2452 732 2546 Ἐπάφου
752 2452 929 2541 παλάμαις.
962 2481 991 2525 n.
1014 2463 1071 2539 10,
1095 2466 1134 2524 65
1158 2456 1267 2525 παλά-

158 2589 236 2648 μαις
257 2558 346 2642 Διός.
383 2587 412 2648 p.
432 2570 467 2642 2,
492 2569 531 2628 75
560 2562 712 2650 ψιθύρων
741 2561 924 2645 παλάμαις,
958 2567 1038 2646 quod
1059 2567 1205 2629 formulae
1235 2570 1266 2631 in

158 2672 279 2733 modum
301 2670 413 2731 dictum
435 2678 483 2731 est
501 2689 556 2750 pro
577 2670 656 2731 solo:
672 2688 733 2752 per
757 2670 971 2732 obtrectatores.
1005 2689 1034 2749 p.
1055 2675 1089 2747 1,
1113 2674 1154 2732 48
1177 2671 1266 2733 θεῶν

158 2768 336 2854 παλάμαις.
374 2775 410 2836 ol.
435 2779 470 2853 9,
500 2778 541 2836 52
573 2770 677 2859 Ζηνὸς
706 2768 839 2850 τέχναις.
877 2792 906 2853 p.
929 2776 966 2848 8,
996 2775 1036 2834 53
1066 2764 1144 2858 τύχᾳ
1171 2776 1266 2838 θεῶν.

157 2879 231 2958 13,
256 2883 297 2940 37
321 2871 473 2956 δαιμόνον
495 2873 635 2958 βουλαῖς.
672 2875 709 2939 ol.
735 2878 770 2950 9,
798 2878 838 2934 42
865 2869 948 2948 Διὸς
974 2865 1061 2958 αῖσᾳ.
1100 2876 1138 2939 ol.
1160 2881 1195 2954 8,
1225 2881 1265 2938 67

157 2975 234 3070 τόχᾳ
256 2976 416 3062 δαίμονος.
452 3002 481 3062 p.
505 2986 541 3057 2,
562 2985 601 3041 21
625 2979 714 3042 θεῶν
738 2973 898 3064 ἐφετμαῖς.

245 3088 364 3152 Causae
392 3088 423 3147 in
451 3088 574 3148 modum
603 3085 778 3165 saepissime
812 3084 932 3144 dativus
963 3084 1123 3163 opponitur
1154 3088 1186 3147 et
1215 3087 1265 3147 ad-

11 3233 15 3239 ‹
133 3194 273 3275 ·jsctiris
297 3195 328 3253 et
349 3191 465 3269 verbis,
489 3191 624 3252 indicans
646 3209 728 3265 rem,
753 3188 900 3268 qusquis
924 3186 1044 3248 excellit
1067 3189 1184 3250 sivein
1207 3211 1266 3270 qua

157 3301 346 3378 comparatur
368 3315 435 3357 cum
458 3296 523 3357 aliis
536 3293 576 3372 1);
607 3295 625 3359 i.
644 3298 680 3369 3,
703 3297 743 3354 13
768 3284 975 3375 ἱπποδρομίᾳ
997 3288 1148 3371 κρατέειν.
1182 3293 1219 3358 ol.
1237 3299 1266 3371 8,

159 3405 200 3464 20
230 3394 323 3486 πάλᾳ
344 3396 494 3485 κρατέων.
539 3420 570 3460 n.
592 3403 626 3475 3,
650 3402 690 3460 53
723 3392 828 3459 ποσσί
857 3388 1036 3479 κράτεσκεν.
1080 3417 1109 3477 p.
1132 3400 1169 3475 4,
1202 3401 1263 3459 245

159 3501 256 3584 πάχει
276 3501 372 3585 μάκει
401 3526 436 3567 τε
462 3507 535 3566 ναῦν
565 3495 686 3587 κράτει.
723 3522 752 3562 n.
776 3506 833 3577 11,
858 3503 897 3560 13
928 3496 1042 3583 μορφᾳῖ
1063 3494 1266 3582 παραμείβε-

157 3613 242 3673 σθαι
262 3603 364 3674 ἀλλων
385 3610 543 3688 (Boeokh.:
565 3598 715 3692 μορφάν).
740 3607 758 3667 i.
780 3610 815 3680 7,
837 3607 877 3665 25
901 3595 1065 3686 ἀρίστευον
1080 3637 1122 3648 -
1138 3599 1265 3689 ἀνορέᾳ.

158 3717 195 3780 ol.
220 3720 254 3792 9,
285 3720 325 3778 65
355 3709 546 3800 ὑπέρφατον
575 3713 686 3796 μορφᾷ
715 3704 827 3772 τεκαὶ
853 3701 985 3788 ἔργοισι.
1025 3727 1055 3771 n.
1077 3712 1110 3783 3,
1136 3709 1177 3770 45
1208 3701 1266 3771 ’ίσα

228 3993 253 4058 1)
280 3991 354 4048 Quod
379 3988 410 4038 ad
433 3988 597 4052 originem
621 3978 815 4034 constructionis
838 3979 942 4044 attinet,
968 3979 1054 4030 multis
1072 3979 1136 4028 locis
1155 3979 1267 4029 dubitari

158 4082 255 4145 potest,
276 4082 361 4136 utrum
378 4076 401 4125 is
420 4074 499 4125 dativi
516 4088 576 4122 usus
596 4086 625 4120 ex
646 4065 833 4119 instrumentali
851 4065 1036 4130 significatione
1057 4069 1128 4114 ortus
1146 4064 1180 4114 sit
1201 4081 1265 4115 ane

156 4164 247 4227 loceli;
274 4163 317 4214 sed
336 4163 364 4212 in
382 4159 562 4212 consuetudine
581 4161 606 4206 et
625 4152 755 4205 Pindarici
773 4155 798 4200 et
816 4152 954 4201 communis
973 4152 1126 4201 Graecorum
1144 4149 1265 4200 sermonis

156 4250 217 4300 adeo
241 4249 400 4315 propinquae
426 4263 469 4298 eae
492 4244 632 4296 locutiones
650 4239 714 4290 mihi
734 4237 883 4288 ridebantur
905 4238 1092 4289 instrumentcli
1111 4237 1208 4299 dativo,
1237 4239 1266 4284 ut

153 4335 275 4387 hocloco
294 4351 337 4386 ees
355 4332 535 4386 enumerandas
552 4344 606 4381 esse
624 4339 758 4378 censerem.
793 4323 824 4378 cf.
844 4324 863 4390 t.
881 4330 928 4390 12,
949 4331 970 4375 1.

1017 4395 1191 4471 3⁴⁵·
