3066 4928
1248 262 1287 320 61

168 445 380 508 Mommsenus
405 435 622 524 ποιισνοὶζει),
647 481 688 489 -
718 448 750 506 et
775 446 806 506 in
829 446 980 508 sententia
1005 447 1194 509 conditionali
1224 467 1292 528 pro·

170 551 289 610 misoue
312 569 379 610 oum
402 549 540 628 gnomioo
564 549 674 610 aoristo
696 569 723 609 n.
743 555 799 626 11,
822 555 870 612 13.
887 587 929 595 —
950 541 1031 612 οἴσω
1052 571 1198 632 praesens
1217 553 1292 613 tem-

170 675 233 734 pus
259 656 406 715 memorat
435 673 463 734 p.
485 656 519 731 4,
546 657 605 713 102
635 648 720 736 φαμὶ
750 647 963 716 διδασκαλίαν
987 648 1150 738 Χείρωνος
1180 646 1291 731 οἴσειν,

170 759 311 818 futurum
336 778 364 838 p.
389 761 423 832 3,
451 760 505 831 61;
535 749 655 836 πίομαι
682 759 853 838 praesentis
882 758 1100 836 significatione
1122 759 1292 839 praeditum

173 863 339 937 111016,
364 865 414 923 86.
438 897 480 905 -
514 859 676 938 (Futurum
705 881 773 922 oum
795 862 943 942 particula
965 853 1005 922 bb
1034 862 1104 922 vide
1127 863 1152 942 §-
1176 867 1230 938 11,
1258 867 1291 935 1;

174 957 269 1040 ὅπως
290 945 443 1045 nunquam
464 984 532 1026 oum
553 965 654 1025 futuro
677 965 702 1043 g.
725 969 779 1043 11,
804 968 844 1044 3.)

265 1069 700 1150 Paulo-postfuturum
729 1070 810 1148 quod
839 1068 948 1129 dieitur
977 1069 1091 1149 passivi
1120 1069 1200 1150 apud
1225 1069 1293 1130 Pin-

176 1175 285 1236 darum
310 1193 370 1233 non
391 1172 512 1250 legitur.
641 1155 645 1166 ¹

689 1524 713 1603 ς.
737 1528 788 1584 11.

525 1679 586 1759 De
616 1679 832 1762 modorum
860 1704 950 1762 usu.

272 1897 299 1951 1.
338 1891 427 1962 Quod
450 1892 559 1953 attinet
581 1894 620 1954 ad
640 1895 744 1956 modos
772 1893 802 1954 in
834 1893 1183 1954 enuntiationibus
1213 1892 1296 1972 pri-

182 1995 316 2056 mariis
338 1999 515 2075 usurpatos,
537 1997 574 2056 de
597 1998 816 2058 indicativo
838 1997 912 2059 nihil
927 1998 1047 2058 videtur
1061 1998 1296 2072 memorandum,

182 2099 242 2160 nisi
267 2091 306 2159 dv
333 2100 511 2179 particulam
534 2101 666 2161 additam
695 2121 763 2161 esse
790 2101 880 2162 etiam
909 2101 1069 2162 indicativo
1095 2101 1189 2161 futuri
1218 2121 1245 2160 11.
1268 2104 1296 2176 7,

184 2207 225 2264 68
249 2199 368 2281 μαθών
389 2197 429 2264 da'
445 2223 495 2277 τις
517 2195 557 2265 dv
582 2198 649 2283 ἐρεῖ
671 2203 759 2279 (God.
773 2204 967 2264 Hermannus
989 2196 1028 2264 dir
1048 2205 1087 2265 ad
1106 2203 1296 2284 participium

181 2307 336 2388 pertinere
359 2307 492 2381 sensuit3
515 2309 550 2368 of.
572 2306 698 2387 Madvig
718 2305 805 2388 Synt.
829 2304 882 2368 Gr.
906 2309 985 2383 118,
1009 2308 1049 2385 3).

272 2409 536 2490 Oonjunotivi
564 2431 638 2472 usus
670 2412 810 2490 congruit
836 2411 970 2489 vulgari3
1006 2411 1085 2472 haud
1113 2430 1181 2471 raro
1211 2431 1297 2471 usur·

183 2517 274 2594 patus
297 2515 346 2573 est
367 2515 555 2575 adhortative
576 2517 626 2575 vel
640 2516 820 2595 prohibitivo
836 2534 945 2576 sensu<
968 2535 996 2596 p.
1010 2520 1044 2590 1,
1066 2518 1106 2575 60
1128 2505 1176 2594 dy'
1195 2506 1296 2575 ἔπειτ’

185 2610 360 2701 ἐξεύρωμεν
379 2611 484 2698 ῧμνον.
506 2619 525 2678 1.
544 2621 579 2693 7,
600 2623 618 2679 6
641 2615 685 2704 μὴ
708 2615 869 2698 πέσωμεν.
897 2620 1063 2699 11111183
1086 2614 1130 2703 μὴ
1146 2613 1298 2702 πιαίσῃς,

185 2723 222 2782 ol.
244 2726 280 2797 5,
305 2723 346 2780 24
368 2712 412 2804 μή
435 2715 576 2806 ματεύσῃ
599 2717 861 2803 anteponantur.

272 2825 435 2885 Ptaeterea
468 2829 624 2905 correptas
656 2827 768 2887 vocalis
810 2826 966 2906 exempla,
1008 2826 1158 2887 interdum
1192 2825 1298 2886 dubia:

187 2930 223 2989 ol.
247 2932 281 3006 1,
308 2932 325 2988 7
357 2923 401 3012 μὴ
424 2923 460 2990 δὲ
485 2964 527 2973 -
556 2921 744 3009 αὐδάσομεν.
790 2931 825 2992 ol.
853 2934 887 3006 6,
919 2935 938 2991 3
967 2921 1122 3010 πάξομεν.
1160 2948 1189 2990 n.
1213 2934 1247 3003 9,
1279 2933 1298 2989 8

186 3023 331 3115 ’σ’ρσομεν.

278 3134 495 3214 conjunctivus
523 3137 554 3196 in
576 3136 862 3215 interrogationibus
889 3137 1094 3199 dubitantibus
1124 3140 1225 3198 utrum
1248 3155 1300 3216 po-

189 3241 266 3300 situs
289 3240 328 3300 sit
350 3259 368 3300 a
390 3239 519 3301 Pindaro
543 3241 663 3316 dubito;
694 3241 791 3301 tribus
821 3240 900 3301 enim
930 3240 981 3319 qui
1004 3242 1129 3302 exstant
1150 3241 1223 3302 loois
1247 3259 1299 3301 eas

187 3363 278 3404 voees
298 3345 401 3405 futura
423 3364 491 3405 esse
512 3349 601 3426 puto:
633 3346 670 3405 ol.
690 3349 726 3423 2,
752 3349 771 3404 2
794 3335 868 3405 τίνα
890 3337 986 3420 θεόν,
1015 3336 1071 3405 τίν’
1096 3337 1198 3428 ἥρωα,
1227 3338 1301 3405 τίνα

188 3444 216 3509 d'
236 3440 335 3531 ἄνδρα
357 3443 589 3532 κελαδήσομεν,
612 3452 653 3509 89
678 3442 789 3525 ἔπεχε,
811 3443 913 3527 θυμὲ,
938 3441 1010 3508 τίνα
1030 3438 1207 3528 pottagio,-
1228 3467 1257 3528 p.
1274 3452 1301 3525 7,

190 3555 208 3612 5
233 3544 306 3611 τίνα
330 3546 471 3633 πάτραν,
493 3544 567 3612 τίνα
588 3549 615 3613 δ’
636 3539 726 3612 οἶκον
747 3587 789 3595 -
813 3539 1027 3630 ὀννμάξομαι,·

276 3652 485 3735 Optativus
507 3654 571 3714 sine
592 3648 628 3714 ἂν
648 3655 765 3735 positus
782 3655 914 3738 optantis
932 3654 984 3715 vel
1004 3654 1113 3715 leniter
1127 3655 1303 3736 imperantis

190 3761 238 3820 est
260 3758 350 3819 etiam
379 3759 459 3837 apud
479 3757 642 3820 Pindarum
670 3777 724 3838 per
752 3777 854 3818 omnes
879 3776 1039 3838 personas:
1074 3760 1110 3820 ol.
1130 3764 1164 3838 9,
1189 3762 1238 3820 80.
1262 3763 1302 3820 83
1344 3767 1352 3778 '

191 3853 259 3946 ε’ίην
281 3851 472 3945 εὑρησιεπής
494 3897 533 3905 -
557 3854 661 3942 τόλμα
683 3856 719 3924 δὲ
738 3856 883 3923 ἕσποιτο.
919 3863 937 3922 i.
958 3867 993 3938 2,
1017 3865 1066 3924 35.
1093 3864 1182 3942 frgm.
1203 3867 1260 3940 49,
1284 3867 1303 3923 2

189 3960 227 4026 τὸ
251 3960 287 4028 δὲ
308 3959 352 4049 μὴ
373 3960 435 4024 Διῒ
456 3957 605 4048 φίλτερον
629 3965 745 4048 σιγῷμι
769 3959 920 4043 πάμπαν.
954 3986 982 4046 p.
1007 3972 1040 4042 l,
1065 3969 1107 4026 10
1132 3958 1306 4052 ἐθελήσαις

191 4071 292 4130 caua
315 4058 378 4150 νόῳ
398 4061 507 4145 θέμεν.
545 4070 580 4129 01.
602 4074 637 4145 1,
663 4065 880 4154 11011111,
906 4073 954 4129 11.
984 4074 1041 4146 11,
1066 4074 1115 4132 11.
1146 4072 1182 4131 01.
1208 4075 1242 4147 s,
1264 4073 1304 4132 85

191 4165 271 4232 ε’σλὰ
298 4168 326 4232 δ’
346 4163 398 4233 ἐπ’
423 4163 531 4245 ἐσλοῖς
554 4163 614 4256 ἔργ’
637 4166 748 4234 ἐθέλοι
777 4163 882 4250 δόμεν.
920 4172 956 4233 ol.
980 4177 1013 4251 6,
1046 4177 1115 4234 102.
1149 4178 1196 4235 98.
1226 4195 1255 4255 p.
1278 4180 1307 4250 2,

193 4280 252 4350 83,
275 4275 352 4336 alibi.
