3066 4928
229 253 268 312 76

227 459 286 500 non
316 439 439 500 dubium
467 440 531 516 est,
564 459 633 500 eum
663 441 761 502 locum
792 443 966 522 corruptum
1000 462 1083 517 esse,
1121 445 1153 503 et
1180 442 1359 524 scripsisse

227 549 300 628 puto
319 545 481 608 Pindarum
497 545 533 622 ¹):
563 538 601 607 τὸ
617 542 795 630 λαλαγῆσαι
818 541 925 608 θέλων
946 538 1067 632 κρύφον
1087 541 1223 627 τιθέμεν
1243 543 1361 609 ἐσλῶν

228 649 340 725 καλοῖς
362 645 467 736 ἔργοις
488 681 522 700 =
544 651 734 714 ramusculos
755 671 825 714 suos
844 652 971 714 volentes
993 652 1116 714 reddere
1146 655 1359 715 occultatorec

227 757 452 839 praeclarorum
464 756 655 835 facinorum
680 775 769 834 quam
792 757 974 816 structuram
995 756 1184 817 aPindarico
1204 776 1357 817 sermone

228 881 288 922 non
308 861 468 923 abhorrere
491 861 579 922 docet
599 862 781 941 comparatio
803 860 861 922 loci
882 881 910 941 p.
928 864 963 936 2,
985 864 1026 921 39
1049 854 1124 922 ἅντε
1139 853 1237 922 δόλον
1256 849 1357 942 αύτῷ

230 959 334 1027 θέσαν
356 959 438 1039 Διὸς
459 956 626 1044 παλάμαι,
651 965 702 1026 ubi
724 984 848 1045 prorsus
867 965 996 1025 eundem
1018 965 1049 1026 in
1070 966 1191 1026 modum
1216 984 1353 1046 usurpa-

229 1073 293 1131 tum
314 1073 362 1130 est
382 1071 510 1130 verbum
529 1061 657 1154 τίθημι.

316 1174 487 1234 infinitivus
512 1195 579 1236 oum
603 1175 745 1255 genetivo
766 1175 816 1236 vel
840 1174 941 1236 dativo
964 1174 1082 1236 articuli
1110 1175 1289 1255 conjunctus
1313 1175 1350 1236 in

229 1279 350 1341 Pindari
371 1279 553 1340 carminibus
575 1299 635 1342 non
656 1281 766 1340 exstat.

317 1387 345 1444 5.
380 1383 480 1445 Pauca
503 1383 610 1444 addam
639 1385 676 1444 de
699 1385 875 1459 casibus,
904 1383 955 1464 qui
983 1384 1064 1464 apud
1083 1383 1248 1444 Pindarum
1276 1404 1345 1444 cum

229 1487 375 1548 infinitivo
399 1489 631 1569 conjunguntur.

317 1591 601 1654 Nominativus
630 1593 767 1674 ponitur,
797 1593 849 1654 ubi
880 1593 984 1653 eadem
1015 1612 1145 1673 persona
1175 1592 1346 1672 subjectum

230 1697 278 1757 cst
301 1697 514 1760 enuntiationis
538 1698 696 1778 primariae
724 1701 756 1758 et
776 1696 928 1774 infinitivi,
957 1699 992 1758 ut
1013 1705 1133 1771 notum3
1163 1697 1207 1758 ita
1229 1697 1345 1776 saepis-

231 1801 306 1860 sime
326 1802 498 1884 participia:
521 1823 549 1864 n.
567 1809 595 1878 1,
618 1807 656 1864 31
684 1795 800 1884 ἔραμαι
816 1837 856 1846 -
874 1793 1087 1885 κατακρύψας
1105 1795 1195 1878 dicatu
1215 1821 1243 1860 n.
1259 1804 1286 1876 7,
1304 1804 1343 1860 71

231 1895 385 1984 ἀπομνύω
413 1903 456 1990 μὴ
480 1901 671 1989 προβὰς-
693 1900 795 1990 ύρσαι.
846 1906 946 1968 Semel
968 1926 1040 1967 vero
1069 1911 1138 1987 post
1163 1905 1345 1985 conjunctio-

232 2028 300 2069 nem
324 2003 408 2072 ιὶλστε
436 2009 516 2070 idem
535 2011 703 2091 subjectum
731 2011 902 2072 accusativo
928 2011 1090 2092 repetitum
1113 2012 1175 2070 est:
1214 2030 1243 2070 n.
1264 2013 1300 2084 5,
1324 2015 1341 2068 1

232 2106 289 2174 ούκ
317 2103 586 2198 ἀνδριαντοποιός
616 2108 697 2194 εἰμι,
735 2107 819 2176 ὥστε
848 2135 894 2194 με
932 2106 1114 2176 ἐλινύσοντα
1146 2104 1342 2196 ἐργάζεσθαι

232 2203 419 2297 ἅγύλματα;
453 2237 514 2278 non
540 2239 664 2300 prorsus
680 2211 800 2279 'eadem
822 2220 870 2278 est
897 2219 1050 2278 structura
1070 2217 1106 2277 ol.
1130 2222 1163 2294 1,
1195 2218 1258 2276 104
1281 2209 1343 2276 ντέ-

232 2321 343 2382 notua
365 2311 496 2406 μήτινα
520 2357 560 2366 -
591 2311 677 2401 ύμμε
699 2312 888 2402 κυριώτερον
916 2315 1168 2400 δαιδαλωσέμεν,
1199 2320 1251 2380 ubi
1276 2321 1346 2400 post
1393 2337 1395 2340 ’

232 2423 358 2502 primam
381 2443 541 2503 personam
562 2424 724 2502 singularis
747 2425 864 2485 numeri
886 2426 988 2486 addita
1010 2430 1058 2485 est
1086 2443 1250 2504 pronomen
1280 2442 1345 2503 per-

233 2527 336 2586 sonale
356 2526 496 2606 pluralia,
521 2527 547 2587 si
568 2546 643 2588 vcra
665 2530 713 2587 est
734 2527 775 2586 ibi
799 2527 948 2607 scriptura
967 2527 1156 2588 Mommseni.

321 2630 553 2693 Accusativi
575 2652 642 2693 cum
664 2632 811 2693 infinitivo
827 2633 976 2712 conjuncti
997 2652 1087 2692 usum
1105 2631 1148 2692 ita
1163 2632 1262 2691 ortum
1278 2651 1344 2690 esse

234 2734 372 2796 existimo
387 2735 427 2814 ²),
455 2741 490 2797 ut
518 2757 627 2798 nomen
654 2737 825 2798 accusativo
852 2737 984 2818 positum
1014 2737 1152 2818 primitus
1183 2739 1266 2796 esset
1297 2738 1344 2796 ob·

229 2840 345 2918 jectum
366 2840 465 2914 verbi,
488 2840 536 2901 cui
555 2841 720 2901 infinitivus
744 2841 914 2922 explicandi
933 2841 1033 2919 gratia
1052 2839 1221 2900 adderetur.
1253 2837 1345 2918 Cujus

235 2941 358 3021 originis
382 2942 553 3003 testimonia
580 2945 670 3003 ctiam
701 2945 778 3024 apud
799 2943 961 3004 Pindarum
989 2962 1049 3003 non
1072 2943 1196 3017 desunt;
1226 2943 1347 3002 namin

234 3046 381 3126 exemplis
406 3064 497 3125 supra
521 3047 635 3108 allatis:
663 3047 681 3109 i.
705 3050 741 3123 4,
764 3051 803 3107 66
830 3048 896 3126 (53)
921 3039 1017 3107 αἰνέω
1039 3040 1177 3107 Πυθέαν
1200 3037 1347 3106 εὐθυπο-

235 3153 339 3234 ρῆσαι.
383 3150 420 3212 ol.
450 3154 485 3225 9,
510 3153 549 3212 63
574 3140 726 3213 ἐκάλεσσέ
755 3171 805 3211 νιν
839 3143 996 3228 ἰσώνυμον
1023 3140 1123 3228 ἔμμεν
1155 3149 1344 3210 accusativus

235 3273 360 3334 prorsus
390 3254 486 3315 adhuc
515 3256 623 3336 objecti
652 3257 713 3316 vim
740 3259 844 3317 tenere
868 3256 1002 3327 videtum
1035 3253 1124 3334 paulo
1149 3253 1272 3314 liberius
1297 3274 1348 3334 po·

236 3358 312 3419 situs
335 3360 383 3418 est
406 3362 551 3438 sequente
575 3359 721 3421 infinitivo
744 3381 771 3440 p.
794 3363 830 3435 4,
856 3363 897 3419 19
926 3357 1028 3432 κεῖνος
1050 3351 1139 3440 ὄρνις
1163 3353 1349 3419 ἐκτελεσ-

235 3456 353 3524 τύσει
378 3459 519 3544 μεγαλᾶν
547 3457 672 3524 πολίων
698 3457 899 3547 ματρόπολιν
932 3452 1038 3546 Θήραν
1069 3455 1234 3542 γενέσθαι.
1270 3481 1299 3522 n.
1323 3467 1353 3550 1,

237 3572 278 3630 24
301 3561 468 3648 λέλογχε
489 3562 709 3652 μεμφομένοις
730 3562 842 3642 ἐσλούς
863 3561 947 3648 ’ὕδωρ
968 3557 1081 3647 adaugo
1104 3559 1213 3648 φέρειν
1234 3552 1350 3645 ἀντίον,

236 3675 340 3734 ocolus
371 3676 414 3734 est
442 3674 553 3755 probos
586 3676 640 3755 qui
666 3675 781 3737 obvium
803 3672 927 3753 ferrent
955 3671 1208 3750 vituperatoribus
1239 3689 1347 3751 ορααοι

236 3777 317 3838 uelut
341 3774 435 3852 fumo.
474 3777 511 3842 ol.
535 3783 569 3854 1,
592 3782 634 3839 30
660 3769 751 3862 χάρις
779 3771 834 3838 καὶ
857 3769 995 3837 ύσιστον
1020 3764 1200 3856 ἐμήσατο
1231 3768 1351 3836 πιστὸν

241 3945 278 3952 ,Β
295 3944 402 3950 νη..-

310 4054 335 4117 1)
360 4053 473 4104 Eandem
492 4051 646 4115 scripturam
661 4049 771 4100 defendit
788 4048 876 4098 Friese
893 4063 953 4113 pag.
966 4053 1012 4108 41,
1032 4047 1076 4113 qui
1094 4047 1191 4110 cogitat
1209 4046 1260 4110 „de
1279 4062 1353 4096 accu-

238 4141 318 4192 sativo
339 4141 454 4190 absoluto
472 4135 504 4190 τὸ
524 4138 692 4204 λαλαγῆσαι,
718 4137 762 4201 qui
777 4134 893 4200 proximo
911 4133 1009 4183 accedit
1030 4133 1063 4182 ad
1080 4132 1132 4184 vim
1150 4132 1230 4183 dativi
1249 4135 1286 4198 τῷ
1305 4135 1353 4182 λα-

239 4226 389 4294 λαγῆσαι.“
401 4273 403 4280 .

311 4313 337 4378 2)
361 4310 462 4363 Curtius
482 4311 591 4361 Gramm.
610 4307 629 4372 l.
650 4314 708 4360 56¹1.
