3066 4928
1220 257 1260 317 25

133 503 137 510 .
248 450 349 514 Etiam
375 452 460 514 verbi
489 441 710 532 ἒπιγιγνιόσκω
738 450 867 512 aoristus
899 450 992 511 semel
1024 469 1092 511 cum
1121 448 1262 530 genetivo

162 557 337 638 conjunctus
358 557 406 617 est
426 577 454 636 p.
473 554 511 631 4,
534 558 611 616 279:
642 548 765 636 ἐπέγνω
788 549 919 638 Κυράνα
934 591 977 600 -—-
999 552 1126 617 δικαιᾶν
1148 554 1263 633 Δαμο-

160 654 256 746 φίλου
280 653 459 742 πραπίδων
479 656 531 736 (Λ.
554 660 615 721 357
636 661 700 740 γνῶ
720 652 915 738 χωομένοιο).

247 770 275 826 9.
308 764 445 843 Denique
466 768 612 842 cognatus
634 783 702 824 cum
719 763 860 844 partitivo
880 783 940 824 usu
960 763 1081 825 videtur
1098 763 1126 824 is
1147 781 1264 842 quoqne

161 870 338 949 genetivus,
383 867 434 948 qui
470 867 661 928 liberiore
702 869 810 929 modo
854 867 1027 949 adjectivis,
1063 866 1180 941 verbis,
1214 868 1263 927 vel
1353 890 1358 898 ·

161 974 253 1036 etiam
274 972 330 1034 toti
352 971 518 1034 sentcntiae
539 971 581 1032 ita
609 970 743 1049 additur,
772 974 807 1032 ut
828 971 977 1052 significet
1002 973 1048 1050 (ut
1069 971 1112 1032 ait
1129 970 1265 1049 Ebinger

161 1097 231 1161 pag.
256 1078 309 1152 25)
346 1097 440 1153 „eum
474 1076 559 1156 quasi
590 1075 733 1137 circulum
767 1075 934 1154 (Bereich),
976 1075 1007 1136 in
1039 1094 1098 1156 quo
1128 1095 1179 1136 res
1212 1076 1265 1136 aut

162 1183 241 1258 facta
269 1183 323 1243 ant
350 1181 481 1260 cogitata
508 1179 629 1260 quidem
657 1181 745 1255 est;“
776 1199 865 1261 quem
887 1180 969 1242 vario
997 1180 1084 1242 modo
1106 1178 1267 1261 usurpavit

162 1286 251 1347 etiam
274 1285 428 1348 Pindarus.
862 1335 865 1344 .

248 1389 297 1452 Ita
314 1391 416 1452 verbis
437 1380 553 1473 αίρίω,
578 1383 731 1472 μόρπτω,
754 1389 900 1450 similibus
919 1390 1040 1471 praeter
1062 1388 1266 1451 accusativum

161 1496 270 1576 objecti
292 1495 413 1557 additur
438 1494 613 1574 genetivus,
638 1494 772 1555 indicans
795 1495 912 1575 partem
934 1513 1015 1571 eam,
1038 1513 1098 1576 qua
1119 1493 1185 1574 quis
1205 1495 1219 1555 t
1254 1527 1265 1539 ·
1362 1565 1372 1590 ρ

160 1601 241 1662 hitur
262 1601 334 1660 eto:
358 1619 386 1680 p.
403 1603 435 1676 9,
460 1602 520 1659 122
544 1591 713 1679 παρθένον
733 1592 803 1681 χερὶ
823 1592 961 1681 χειρὸς
981 1589 1069 1661 ἑλών.
1097 1617 1126 1658 n.
1144 1602 1199 1677 11,
1225 1603 1264 1660 32

159 1700 216 1766 τὸν
237 1701 264 1766 d’
286 1693 325 1765 ud
340 1737 382 1748 ·-
402 1694 508 1787 χειρός
529 1696 628 1764 ἕλκων
649 1689 788 1764 ὀπίσσω.
809 1723 836 1782 p.
855 1706 890 1779 6,
912 1706 951 1763 19
977 1695 1105 1779 σχέθων
1127 1723 1174 1763 νιν
1195 1696 1265 1764 ε’πι-

160 1803 250 1885 δέξια
266 1799 381 1891 χειρός.
403 1827 431 1868 n.
449 1813 482 1883 1,
505 1809 547 1867 44
569 1793 741 1883 αὐχένων
761 1797 897 1890 μάρψας
912 1799 1022 1890 όφιας;
1043 1806 1151 1886 quibus
1166 1825 1266 1868 exem·

160 1913 218 1994 plis
241 1912 317 1974 addo
346 1931 376 1974 n.
405 1916 438 1986 7,
468 1913 509 1972 94
539 1897 724 1994 ἀμφοτέρας
748 1905 854 1992 χειρὸς
882 1900 953 1988 ίιόν,
984 1910 1036 1971 ubi
1062 1929 1186 1992 prorsus
1215 1911 1266 1973 ad-

160 2017 256 2078 verbii
278 2007 313 2076 in'
331 2016 452 2081 modum
472 2015 632 2094 genetivus
655 2013 806 2093 significat
827 2015 939 2090 locum,
958 2014 1037 2075 intra
1052 2035 1141 2096 quem
1156 2014 1267 2096 aliquid

162 2122 351 2182 factumest

248 2221 348 2284 Etiam
369 2223 461 2283 verbo
490 2213 624 2303 ἆγέομαι
654 2241 722 2282 cum
743 2221 844 2282 dativo
873 2222 922 2283 ve]
951 2223 1172 2305 praepositione
1199 2243 1267 2285 oon·

159 2329 263 2409 juncto
286 2346 335 2387 res
360 2345 412 2402 ea,
434 2327 465 2388 in
486 2345 544 2407 qua
567 2325 633 2407 quis
656 2326 806 2387 antecedit
824 2327 913 2402 alios,
935 2328 1076 2406 genetivo
1097 2327 1198 2388 addita
1220 2330 1268 2388 est
1289 2385 1291 2391 .

163 2432 279 2493 duobus
304 2430 392 2492 locis:
422 2451 450 2510 p.
474 2434 510 2507 4,
533 2433 595 2492 248
618 2426 788 2493 πολλοῖσιν
811 2422 930 2514 ἅγημαι
955 2430 1081 2514 σοφιᾶς.
1110 2452 1140 2493 n.
1163 2434 1198 2508 5,
1226 2434 1266 2493 25

162 2530 195 2597 ἒν
217 2530 253 2598 δὲ
272 2530 388 2615 μέσαις
406 2527 577 2597 Ἀπόλλων
607 2525 715 2616 ἁγεῖτο
743 2527 908 2597 παντοίων
938 2529 1058 2615 νόμων;
1094 2539 1125 2596 et
1145 2531 1267 2616 μετέχω

161 2641 350 2720 conjunctum
372 2642 419 2700 est
441 2658 508 2700 cum
524 2639 624 2701 dativo
643 2658 807 2720 personae,
829 2639 971 2720 genetivo
994 2641 1039 2702 rei
1056 2659 1085 2722 p.
1104 2646 1142 2717 2,
1164 2645 1204 2704 83
1230 2633 1266 2702 od

161 2737 192 2808 oi
213 2739 335 2825 μετέχω
354 2738 503 2827 θράσεος.

249 2845 416 2909 Genetivus
438 2848 560 2928 pretii
582 2848 699 2929 positus
721 2849 769 2908 est
792 2849 871 2928 apud
886 2849 1013 2910 verbum
1032 2842 1175 2933 πρίαμαι
1193 2869 1221 2930 p.
1237 2853 1266 2925 6,

164 2956 220 3027 39;
250 2950 347 3013 simile
369 2953 416 3011 est
445 2951 481 3011 ol.
503 2955 559 3027 12,
586 2954 625 3012 12
655 2945 749 3013 ἐσλόν
774 2946 864 3031 βαθὺ
884 2947 1035 3038 πήματος
1056 2947 1266 3037 πεδάμειψαν

160 3057 204 3138 (p.
225 3060 261 3132 4,
292 3058 331 3116 17
360 3055 391 3116 id
419 3055 545 3115 verbum
578 3074 645 3115 cum
674 3074 776 3137 praep.
805 3043 875 3118 ἄντί
904 3058 1106 3138 conjunctum>
1113 3083 1121 3132 ;
1158 3057 1266 3138 quibus

162 3161 234 3222 locis
258 3160 419 3221 adnumero
441 3158 622 3240 adjectivum
645 3149 779 3235 ε’ποίξιος
802 3154 933 3222 πόντων
953 3182 981 3222 n.
1007 3167 1039 3238 7,
1063 3165 1113 3223 89.

248 3264 350 3326 Etiam
378 3263 536 3345 adjectivis
566 3263 705 3325 liberiore
736 3265 824 3326 modo
858 3265 1028 3345 explicandi
1056 3284 1148 3328 causa
1175 3285 1265 3346 gene·

163 3371 245 3434 tivus
268 3370 402 3431 additur:
441 3389 469 3449 p.
490 3373 524 3445 2,
555 3371 597 3429 80
623 3356 827 3450 ἀβάπτιστός
853 3361 920 3449 εἰμι
948 3363 1093 3450 ἅλμας;
1129 3373 1212 3452 etp.
1235 3375 1265 3450 4,

163 3479 225 3536 206
247 3468 428 3536 νεόκτιστον
443 3465 547 3535 λίθων
562 3467 685 3552 βώμοιο
701 3466 803 3555 θέναρ
823 3474 997 3552 genetivum
1016 3477 1147 3555 jungere
1166 3475 1267 3537 malim

102 3657 105 3666 ι
162 3599 230 3640 oum
254 3577 415 3658 adjectivo:
437 3597 531 3659 πειρον
552 3581 736 3640 austrudem
757 3598 773 3639 c
792 3578 950 3660 lapidabas.

253 3679 420 3744 Causam
449 3680 599 3760 significat
625 3681 694 3742 talis
726 3681 886 3760 genetivus
917 3683 953 3743 oi
980 3687 1013 3760 7,
1046 3685 1063 3742 6
1097 3676 1183 3767 θῆκέ
1215 3705 1264 3745 νιν

163 3779 299 3864 ζαλωτὸν
321 3774 503 3868 ὁμόφρονος
524 3777 615 3859 εὐνᾶς
631 3789 756 3869 propter
769 3785 939 3849 concordem
953 3791 1054 3848 torum
1070 3787 1269 3865 ιὀοίιίαιόαοι,

164 3908 231 3950 cum
253 3889 400 3970 adjectivo
423 3889 552 3964 verbali;
583 3893 614 3950 et
642 3909 671 3950 n.
695 3893 729 3964 7,
758 3892 797 3951 25
826 3881 963 3952 ὅπλων
981 3882 1143 3968 χολωθείς
1168 3894 1268 3955 datur

160 3997 280 4078 proptor
301 4013 387 4056 armo
405 4012 473 4055 cum
494 3993 649 4076 participio
670 3993 854 4074 conjunctus.

249 4097 381 4179 Tempus
409 4097 536 4177 denique
565 4098 676 4160 indicat
705 4097 879 4178 genetivus,
910 4099 949 4161 ad
970 4101 1064 4161 totam
1086 4101 1267 4164 sententiam

163 4223 197 4264 se
219 4201 389 4284 applicans:
413 4202 450 4266 ol.
471 4205 504 4280 6,
529 4206 567 4264 61
592 4197 705 4278 νυκτὸς
727 4194 915 4287 ὑπαίθριος.
944 4223 973 4286 p.
994 4207 1031 4279 4,
1050 4207 1093 4265 40
1114 4196 1265 4286 ἑσπέρας.

162 4308 197 4370 oi
219 4312 255 4386 2,
285 4310 324 4369 93
355 4297 466 4369 ἑκατόν
492 4323 527 4388 με
549 4301 656 4372 ἐτέων.
693 4307 728 4370 oi
751 4311 807 4386 13,
835 4311 875 4370 37
898 4303 998 4394 μηνὸς
1017 4311 1149 4373 roseco.
1194 4307 1268 4390 (Sed
