3066 4928
229 257 269 314 62

312 438 458 502 Additum
486 443 534 500 est
561 433 591 502 εί
613 473 647 492 =
675 446 792 504 utinam
819 463 848 522 p.
868 447 903 520 1,
927 447 977 504 46.
1007 463 1038 504 n.
1060 444 1096 519 7,
1129 447 1188 518 98;
1224 446 1256 503 et
1285 436 1347 503 κέν

224 565 292 606 enm
317 546 371 605 tali
394 545 527 625 optativo
548 545 695 627 positum,
724 547 775 607 ubi
803 547 955 608 lenissimo
984 549 1163 629 imperatur,
1194 548 1212 609 i.
1237 552 1272 623 7,
1296 547 1343 605 45

224 640 295 711 λύοι
317 669 370 710 κεν
393 643 520 726 χαλινὸν
541 637 593 732 ὑφ’
619 643 704 733 ἥρωϊ
723 644 918 731 παρθενίας.

309 752 401 815 Haud
422 773 490 814 raro
511 773 585 814 vero
608 755 688 834 apud
703 753 865 816 Pindarum
887 758 1041 837 optativus
1065 757 1130 818 sine
1153 749 1192 817 dv
1215 756 1266 816 vel
1283 745 1342 815 κέν

223 858 337 936 legitur
358 858 389 919 in
411 857 625 933 affirmatione,
650 859 700 938 qui
721 879 795 920 usus
818 879 905 921 rarus
928 864 976 922 est
996 862 1077 942 apud
1098 859 1231 922 Attieos:
1263 878 1291 939 p.
1307 861 1340 935 4,

226 965 288 1022 118
315 953 467 1036 Αἴσονος
489 961 571 1035 παῖς
594 953 766 1045 ἐπιχώριος
789 951 825 1025 οὗ
847 965 943 1044 μαῖαν
966 957 1096 1044 ίκοίμαν
1119 956 1223 1025 ἄλλων
1246 963 1342 1040 (quod

224 1070 321 1127 metro
340 1065 513 1146 postulante
537 1065 657 1145 scripsit
677 1063 753 1127 God.
773 1066 967 1129 Hermannns
990 1088 1044 1151 pro
1067 1059 1204 1147 ἱκόμαν).
1234 1067 1270 1128 ol
1287 1070 1339 1142 10,

226 1175 264 1232 21
306 1165 344 1232 τὸ
383 1164 444 1252 γὰρ
481 1164 600 1251 ἐμφυὲς
641 1163 706 1230 οὔτ’
744 1162 853 1232 αἴθων
894 1166 1030 1256 ἀλώπηξ
1068 1159 1132 1233 οὔτ’
1171 1162 1339 1254 ἐρίβρομοι

225 1269 350 1348 λέονκες
372 1264 598 1350 διαλλάξαιντο
621 1263 714 1358 ἦθος.
748 1295 777 1335 n.
795 1279 831 1351 5,
854 1279 895 1336 20
924 1270 1032 1359 μακρὰ
1055 1271 1094 1359 δὴ
1117 1262 1239 1352 ἅλμαθ’
1259 1267 1338 1334 ὓπο-

228 1369 370 1440 σκοίπιοι
391 1398 448 1451 τις.
478 1398 508 1458 p.
531 1383 587 1453 11,
611 1379 653 1438 50
675 1367 800 1439 θεόθεν
822 1372 958 1458 ἐραίμαν
979 1376 1097 1451 sutrim
1122 1380 1153 1437 et
1173 1379 1211 1437 da
1233 1397 1266 1437 re
1289 1396 1339 1437 oo-

226 1483 324 1561 gitata
344 1485 477 1557 tantum,
499 1482 551 1541 ubi
574 1481 723 1542 sententia
744 1483 775 1542 in
797 1483 1027 1544 conditionalem
1054 1482 1183 1542 transire
1214 1481 1336 1541 videtur

227 1588 262 1647 ol.
287 1591 322 1664 3,
352 1588 393 1646 45
424 1577 463 1646 oii
492 1606 540 1646 νιν
570 1576 691 1661 διώξω·
730 1579 833 1660 κεινὸς
862 1578 928 1671 εἴην
961 1605 1055 1648 vanus
1089 1605 1197 1662 essem,
1240 1585 1266 1645 si
1305 1584 1338 1645 id

225 1693 363 1754 facerem

313 1793 376 1854 Vix
397 1811 563 1853 memorare
585 1812 661 1874 opus
683 1797 745 1869 est,
769 1785 809 1853 ἐίν
832 1795 864 1853 et
887 1787 939 1852 κέν
962 1792 1138 1873 saepissime
1158 1792 1249 1852 etiam
1267 1792 1339 1852 addi

226 1897 375 1977 optativo,
397 1897 433 1957 el.
456 1898 493 1957 ol.
515 1901 549 1972 2,
575 1901 623 1958 17.
648 1900 717 1957 100.
742 1900 776 1974 6,
800 1900 826 1956 6.
849 1901 884 1972 8,
908 1901 963 1972 62,
987 1896 1025 1957 al.

311 2001 358 2061 De
392 2001 631 2081 imperativo
674 2001 748 2060 nihil
784 2001 949 2060 notandum
989 1999 1121 2076 videtur,
1163 1999 1221 2059 nisi
1257 2000 1340 2078 quod

225 2108 316 2188 poeta
345 2105 496 2165 interdum
529 2125 562 2164 se
593 2106 694 2185 ipsum
723 2105 869 2165 eomodo
897 2102 1073 2183 alloquitur:
1110 2103 1146 2163 ol.
1173 2107 1210 2178 9,
1234 2106 1261 2164 6.
1288 2109 1338 2163 11.

226 2213 371 2272 40.109.

313 2318 342 2373 2.
369 2311 558 2374 Aoeedentos
579 2313 619 2372 ad
634 2312 855 2373 enuntiationes
877 2311 1070 2371 secundarias
1094 2311 1251 2371 videamus
1274 2311 1339 2390 pri-

224 2436 314 2495 mum,
333 2437 391 2498 quo
411 2417 498 2478 modo
521 2417 647 2478 oratio
667 2417 826 2496 obliqua
847 2416 886 2476 ad
909 2415 1146 2476 enuntiationem
1161 2414 1336 2495 primariam

221 2520 378 2598 jungatur.

312 2626 341 2701 a)
365 2623 586 2705 Nonnunquam
608 2624 758 2684 sententia
780 2623 949 2683 dedicandi
971 2623 1036 2683 sive
1060 2623 1213 2702 cogitandi
1233 2622 1337 2683 verbis

224 2727 341 2788 omnino
363 2747 423 2788 non
444 2730 574 2808 pendet,
599 2728 654 2789 sed
674 2731 758 2788 reeta
782 2727 916 2787 oratione
935 2726 1082 2807 pergitur.
1106 2726 1156 2787 Ita
1176 2728 1246 2807 post
1267 2718 1336 2787 λίσ-

223 2850 323 2909 σομαι
345 2832 458 2911 legitnr
479 2832 677 2911 imperativus
707 2832 744 2892 ol.
769 2835 825 2907 12,
851 2835 866 2889 1
898 2824 1053 2910 λίσσομαι
1078 2865 1117 2874 -
1142 2823 1334 2913 ἀμφιπόλει.

220 2955 250 3015 p.
275 2941 308 3011 1,
333 2941 380 2996 71.
404 2955 433 2996 n.
456 2939 490 3010 3,
513 2939 548 3009 33
570 2939 640 3015 post
662 2935 788 2995 verbnm
811 2925 939 2996 ἱκετεύω
961 2935 1114 3016 optativus
1136 2935 1223 3013 frgm.
1241 2937 1291 3008 74,
1315 2937 1333 2994 7

221 3030 379 3122 τράποιο;
409 3041 567 3118 praeterea
587 3041 671 3098 reeta
693 3039 826 3099 oratione
848 3039 985 3119 pergitur
1007 3060 1034 3119 p.
1057 3044 1093 3115 3,
1118 3042 1157 3100 75
1182 3031 1268 3122 φαμὶ
1291 3073 1335 3082 -

222 3137 373 3221 ἐξικόμαν
395 3161 446 3215 κε;
468 3162 496 3202 n.
520 3143 555 3219 5,
578 3146 619 3203 48
642 3132 719 3203 ἴσθι
741 3179 785 3186 -
807 3135 955 3226 ἐπαύρεο.
990 3144 1026 3205 ol.
1049 3146 1103 3219 10,
1129 3147 1165 3202 11
1190 3133 1267 3204 ίσθι
1292 3176 1332 3184 -

220 3237 394 3329 κελαδήσω.
432 3245 460 3320 (i.
483 3249 519 3321 4,
543 3247 583 3308 35
606 3238 692 3326 λέγε,
717 3237 803 3320 τίνες
825 3240 971 3331 πέφνον.)

306 3347 340 3433 b)
360 3348 477 3408 Deinde
498 3353 588 3408 notus
611 3351 659 3409 est
681 3368 754 3410 usus
776 3350 1035 3430 prolepseos,
1061 3370 1121 3428 qua
1143 3348 1242 3427 figura
1263 3368 1332 3428 per-

219 3471 293 3515 sona
316 3472 353 3513 ea
376 3452 440 3513 sive
462 3471 527 3528 res,
555 3452 592 3510 de
613 3470 673 3530 qna
697 3453 887 3532 praedicatur
917 3455 1041 3535 aliquid,
1073 3453 1159 3532 quasi
1182 3454 1331 3533 objectum

218 3578 286 3618 oum
306 3558 398 3618 verbo
421 3555 538 3616 dioendi
561 3556 625 3615 sive
650 3556 798 3616 sentiendi
820 3558 1027 3637 conjungitur,
1052 3557 1096 3618 ita
1116 3559 1151 3617 nt
1175 3557 1206 3617 id
1229 3558 1330 3636 ipsum

218 3661 297 3741 quod
324 3660 515 3740 praedicatur
544 3660 714 3739 explicandi
747 3679 839 3722 cansa
869 3662 897 3721 ei
919 3663 1034 3741 objeeto
1064 3661 1201 3722 additum
1227 3660 1329 3720 videa-

217 3768 282 3838 tur,
306 3764 445 3844 exempla
464 3764 636 3825 Pindarioa:
668 3764 704 3835 ol.
728 3767 783 3842 14,
807 3769 847 3825 22
871 3756 939 3827 οἷὸν
960 3756 1070 3848 εἴπῃς,
1094 3758 1145 3826 ὅτι
1167 3799 1211 3808 -
1233 3755 1263 3824 oi
1288 3799 1332 3808 -

218 3858 421 3951 derepsissent
439 3860 564 3944 χαίταν.
589 3867 625 3929 ol.
638 3871 687 3943 11,
713 3872 728 3927 1
752 3863 807 3928 τὸν
827 3855 1073 3946 Ὀλυμπιονίκαν
1095 3856 1258 3948 ἆναγνῶιέ
1270 3886 1328 3944 μοι

217 3958 449 4053 Ἀρχεστράιον
472 3968 593 4047 παῖδα,
617 3961 706 4031 πόθι
729 3967 844 4053 φρενὸς
864 3966 945 4050 ἐμᾶς
964 3965 1151 4054 γέγραπται.
1177 3972 1247 4050 pil,
1263 3973 1326 4029 112

217 4067 351 4136 ἐίκοασεν
365 4066 511 4153 Δαναόν,
538 4061 612 4135 ποκ’
630 4067 662 4134 ἐν
676 4065 785 4154 ’Άργει
800 4060 868 4135 οἷον
883 4062 970 4156 εὗρεν
987 4109 1024 4118 -·
1042 4069 1152 4155 γάμον.
1179 4093 1209 4153 p.
1217 4076 1246 4149 4,
1263 4076 1323 4132 241

217 4171 319 4263 δέρμα
335 4174 483 4262 λαμπρὸν
495 4172 642 4255 ἔννεπεν,
668 4169 753 4237 ἔνθα
768 4198 815 4237 νιν
831 4168 1004 4238 ἐκτάνυσαν
1019 4170 1138 4258 Φρίξου
1153 4167 1324 4256 μάχαιραι;

215 4282 368 4362 optativus
390 4283 433 4343 ita
451 4283 568 4362 positus
588 4301 617 4361 p.
636 4283 671 4356 4,
694 4282 712 4341 6
733 4278 847 4364 χρῆσεν
866 4273 1033 4370 οἶμισιῆρα
1054 4270 1183 4341 Βάττον
1190 4327 1199 4358 ,
1223 4270 1268 4352 ὦς
1284 4312 1326 4321 -
