3010 4924
1203 265 1242 324 15

134 449 344 537 πράττεσθαι
367 454 403 516 ol
423 460 479 532 11,
502 460 550 516 30.
584 456 723 535 Denique
740 456 820 518 inter
840 457 933 517 verba
954 454 1082 534 rogandi
1103 449 1247 518 λίσσο-

133 552 207 638 μαί
229 576 265 620 σε
287 557 394 621 παῖδα
415 559 433 620 i.
452 562 490 635 5,
512 563 573 635 45;
602 554 750 635 ἅπαντας
775 551 910 642 εἴρετο
933 557 1040 622 παῖδα
1062 560 1098 620 ol.
1123 563 1158 636 6,
1185 564 1247 634 49;

133 666 251 724 restant
266 654 448 726 διδάσκω
466 683 494 724 n.
512 668 541 739 3,
557 667 597 725 55
620 667 651 724 et
666 656 773 725 πίνω
788 683 881 725 sensu
895 663 1053 725 transitivo
1069 667 1247 745 usurpatum

132 769 164 828 in
184 767 301 828 firturo:
323 768 341 828 i.
355 768 390 843 5,
417 772 457 828 74
479 760 570 828 πίσω
591 785 655 851 σφε
670 761 794 851 Δίρκας
815 761 909 849 ὕδωρ.
927 803 971 812 -
990 768 1094 828 Etiam
1115 761 1248 829 καλέω

134 891 203 933 cum
223 871 444 932 Friederichsio
467 871 562 947 (Pind.
583 870 669 933 Stud.
691 893 719 954 p.
739 873 792 950 31)
818 891 886 932 cum
908 871 1020 952 duplici
1043 873 1158 952 objecto
1178 892 1247 933 con-

130 976 269 1054 junctum
289 978 362 1056 puto
385 997 413 1056 p.
436 978 472 1050 4,
498 979 560 1036 194
581 975 670 1060 Ζῆνα
692 971 748 1036 καὶ
771 965 957 1056 ὠκυπόρους
977 971 1125 1056 κυμάτων
1147 969 1248 1060 ῥιπάς

133 1065 259 1158 άνέμων
286 1070 394 1141 ἐκάλει
426 1069 542 1152 νύκτας
570 1099 605 1140 τε
635 1075 692 1141 καὶ
722 1071 843 1142 πόντου
871 1071 1047 1154 κελεύθους
1083 1073 1189 1160 άματά
1218 1077 1246 1140 τ’

133 1175 289 1266 εύφρονα,
314 1175 370 1245 καί
393 1175 504 1266 φιλίαν
525 1177 654 1246 νόστοιο
675 1184 807 1264 μοῖραν,
830 1185 882 1246 ubi
902 1185 1067 1245 accusativi
1088 1187 1159 1246 ante
1180 1203 1247 1245 ver-

133 1286 205 1347 bum
228 1279 335 1348 ε’κάλει
363 1287 452 1366 positi
474 1287 607 1348 indicant
630 1289 767 1366 numina,
802 1308 878 1368 quae
899 1289 1094 1365 invocantur,
1126 1307 1247 1350 accusa·

134 1391 189 1452 tivi
216 1393 286 1473 post
307 1393 434 1452 verbum
458 1391 549 1471 positi
578 1411 630 1453 eas
653 1411 721 1468 res,
753 1411 828 1471 quas
849 1394 886 1454 ab
906 1393 943 1453 iis
967 1394 1045 1474 petit
1067 1395 1173 1466 Iasum
1204 1395 1244 1470 et,

135 1496 215 1575 quod
231 1495 386 1574 singulare
400 1495 538 1570 videtur,
561 1486 709 1575 άμείβο
716 1517 791 1576 μαι
812 1501 870 1578 pa
880 1544 889 1574 ,
913 1501 952 1558 38
975 1491 1033 1560 τὸν
1049 1491 1087 1558 δὲ
1107 1492 1247 1558 Κένταυ-

46 1599 52 1608 ’
135 1618 191 1682 ρος
212 1634 254 1643 -·
274 1601 369 1684 μῆτιν
390 1590 447 1660 iola
469 1585 682 1678 ἀπαμείβετο.

223 1706 249 1763 7.
287 1703 389 1763 Etiam
416 1703 642 1784 praedicati
673 1704 877 1765 accusativum
900 1703 1048 1765 Pindarus
1076 1704 1157 1764 haud
1178 1723 1247 1764 raro

135 1808 173 1867 ad
196 1807 401 1868 accusativum
430 1807 554 1867 alterius
583 1808 711 1868 nominis
739 1810 870 1890 apponit.
917 1807 1007 1878 Quod
1028 1808 1063 1869 fit
1082 1808 1248 1868 secundum
1353 1803 1357 1818 '

135 1931 324 1972 comunem
359 1911 481 1989 linguae
511 1907 647 1972 Graecae
676 1931 765 1971 usum
793 1915 864 1994 post
890 1913 985 1973 verba
1014 1911 1186 1994 appellandi
1216 1915 1247 1972 et

135 2017 328 2092 enuntiandi,
348 2019 383 2075 ut
403 2013 579 2076 καλεῖσθαι
599 2016 617 2075 i.
635 2019 667 2094 5,
691 2020 741 2078 53.
763 2010 891 2078 ἐνέπειν
910 2017 998 2097 irgm.
1010 2017 1061 2077 51.
1084 2009 1247 2090 ἐξενέπειν

135 2121 171 2180 ol.
195 2125 232 2195 8,
255 2123 304 2180 20.
327 2113 409 2200 λέγω
430 2119 517 2196 frgm.
533 2102 589 2196 67,
613 2121 698 2200 epod.
721 2125 754 2180 l:
776 2111 951 2200 θαυμάζω,
973 2113 1008 2182 τί
1028 2139 1069 2199 με
1091 2116 1249 2195 tegorium

135 2224 243 2303 quibus
269 2222 344 2284 locis
372 2221 597 2281 adnumeranda
623 2223 765 2284 videntur
791 2225 931 2304 exempla
956 2225 1126 2285 structurae
1155 2223 1247 2284 auda-

135 2327 222 2389 cioris
248 2347 276 2408 p.
298 2329 334 2404 4,
359 2329 377 2386 6
405 2322 519 2409 χρῆσεν
543 2318 710 2411 οἰκιστῆρα
732 2316 873 2406 Βάττον,
903 2328 921 2388 i.
944 2347 969 2388 e.
990 2327 1176 2390 uaticinando
1202 2329 1247 2388 ι’νι·

134 2431 245 2494 dicooit
273 2430 469 2504 conditorem
504 2432 536 2489 et
562 2449 590 2490 n.
614 2430 649 2505 5,
674 2434 692 2490 9
723 2421 781 2492 τάν
810 2427 884 2492 ποτ’
907 2422 1058 2514 εύανδρον
1082 2425 1247 2492 θέσσαντο

134 2537 151 2614 (
152 2537 261 2598 welche
280 2538 323 2597 sie
345 2536 463 2597 arbutea
485 2535 532 2596 ola
552 2537 616 2596 ciac
637 2535 890 2613 wotibcwolmte).

222 2638 365 2702 Similiter
384 2641 570 2719 usurpantur
589 2639 684 2699 verba
702 2637 864 2700 efficiendi:
888 2659 917 2718 p.
937 2643 972 2717 2,
997 2643 1036 2700 39
1060 2631 1132 2698 δύντε
1154 2631 1248 2699 δόλον

135 2730 222 2826 αύτῷ
250 2737 356 2805 θέσαν
373 2737 461 2816 ,Λιδς
490 2737 649 2822 παλάμαι.
685 2743 702 2801 i.
725 2746 759 2819 2,
783 2747 824 2803 46
856 2736 931 2803 ἐπεὶ
961 2733 1017 2802 οὐκ
1045 2733 1249 2812 ἐλινύσοντας

136 2834 253 2918 αύτούς
281 2849 333 2924 (so.
353 2839 482 2924 ύμνους)
512 2837 714 2928 εἰργασάμην.
758 2844 860 2905 Etiam
883 2845 965 2925 apud
987 2845 1045 2904 alia
1075 2843 1168 2902 verba
1200 2842 1251 2901 ob-

133 2950 214 3029 jecto
235 2950 312 3008 alter
335 2948 525 3010 accusativus
553 2948 596 3008 ita
625 2947 800 3028 apponitur,
834 2947 922 3008 utin
945 2967 980 3008 eo
1001 2945 1170 3007 sententiae
1200 2944 1251 3004 vis

138 3072 229 3132 quam
256 3053 386 3112 maxime
415 3052 516 3130 posita
537 3051 592 3113 sit:
629 3071 656 3111 n.
679 3055 714 3126 7,
744 3054 784 3111 27
815 3041 850 3111 ὃν
875 3040 1097 3134 apricantur
1120 3083 1163 3096 -
1190 3041 1250 3110 πά-

138 3173 253 3240 ρεοσαν
268 3145 429 3240 Ζεφύροιο
449 3147 601 3234 πομπαί,
626 3173 703 3234 quae
718 3154 812 3214 verba
834 3154 983 3234 copiosius
1005 3155 1161 3235 exponunt
1184 3171 1250 3212 sen·

139 3262 281 3322 tentiam:
312 3258 589 3340 praestiterimus
617 3262 690 3320 crat.
726 3258 762 3318 ol.
785 3263 818 3335 1,
844 3260 884 3318 59
915 3251 980 3334 iicet
1008 3250 1081 3338 βίον
1110 3247 1252 3336 έμπεδά-

140 3367 325 3446 μοχθον-
347 3357 704 3446 τέταρτονπόνυν.
742 3362 777 3422 ol.
802 3365 835 3440 2,
860 3366 899 3422 76
930 3354 966 3422 ὅν
984 3356 1093 3444 πατὴρ
1122 3353 1188 3436 ἕλει
1209 3393 1240 3402 -’

141 3460 362 3552 πάρεδρον.
390 3488 418 3549 p.
440 3469 475 3542 5,
498 3468 537 3527 15
557 3460 595 3528 τὸ
615 3460 674 3545 μέν
690 3499 727 3510 -—
745 3457 809 3542 ἔχει
828 3460 975 3548 συγγενὴς
996 3457 1172 3548 ὀφθαλμὸς
1194 3455 1252 3525 αἰ-

142 3571 162 3636 δ
170 3563 366 3635 υιάτατσν
396 3565 524 3653 γέρας
561 3569 726 3629 secundum
754 3568 1007 3630 Friederiohsium
1045 3567 1140 3645 (Pind.
1168 3565 1253 3627 Stud.

142 3696 212 3758 pag.
234 3676 299 3752 47).
325 3710 363 3718 —
392 3673 508 3736 Similia
530 3674 601 3734 sunt
621 3673 640 3738 i.
661 3675 696 3750 5,
720 3674 761 3734 48
785 3665 821 3735 δν
842 3665 1101 3755 πάμπρωτον
1122 3661 1253 3731 ἀέθλων

144 3779 263 3842 κτεῖνα.
295 3780 313 3838 i.
336 3782 371 3854 7,
393 3782 442 3840 40.
464 3798 493 3840 m
514 3782 550 3856 2,
576 3782 602 3838 7.

228 3882 330 3943 Etiam
358 3901 427 3962 per
455 3881 664 3964 prolepsin
691 3881 734 3942 ita
762 3880 912 3961 adjectiva
935 3879 1158 3958 conjunguntur
1187 3897 1255 3938 cum

147 3986 358 4064 substantivis,
389 3985 468 4066 quod
499 3985 579 4046 haud
601 3987 683 4047 recte
705 3984 853 4045 Dissenus
884 3984 1040 4058 adoll,
1069 3985 1109 4042 68
1138 3981 1255 4042 rarissi-

146 4109 229 4151 mum
251 4109 319 4150 esse
340 4089 417 4151 dixit
438 4090 519 4170 apud
534 4089 704 4151 Pindarum.
739 4088 818 4151 Nam
834 4087 936 4151 statim
957 4087 989 4147 in
1004 4087 1110 4147 codem
1125 4085 1257 4147 carmine

146 4195 205 4256 tria
233 4194 356 4254 exstant
384 4193 541 4275 exempla:
579 4195 615 4254 ol.
638 4197 672 4268 1,
704 4195 744 4253 68
777 4185 888 4268 λάχναι
914 4211 961 4252 νιν
979 4183 1105 4270 μέλαν
1133 4184 1256 4269 γένειον

147 4291 278 4382 &trapam
301 4299 358 4358 82:
380 4288 414 4358 τί
428 4289 466 4359 κέ
480 4316 531 4370 τις
546 4285 920 4380 άνιύνυμονγῆρας*
937 4289 1032 4379 έψοις
1056 4295 1113 4354 88:
1135 4285 1256 4353 ἕλεν-
