3066 4928
1249 245 1288 304 79

177 433 285 513 fiuent,
307 439 342 498 ut
364 438 401 499 ol.
414 442 442 514 2,
465 443 503 499 12
528 427 554 499 ιδ
570 429 691 521 Κρόνιε
707 438 772 499 παῖ
782 431 887 516 Ῥέας,
912 429 985 512 ἕδος
997 422 1162 514 Ὀλύμπου
1176 425 1289 512 νέμων.

176 540 201 605 i..
221 545 249 615 3,
273 543 314 602 38
338 531 356 604 ὁ
377 537 505 626 κινητὴρ
528 541 588 624 γᾶς
606 533 776 626 Ὀγχηστὸν
804 533 936 616 οἰκέων,·
971 539 1009 598 de
1043 557 1101 618 quo
1130 555 1189 610 usu
1217 533 1291 596 nihil

178 644 301 706 videtur
322 647 403 725 apud
426 646 587 707 Pindarum
609 646 842 706 memorandum.
865 678 908 687 —

268 753 295 810 2.
331 749 424 811 Vario
465 751 573 812 deinde
610 751 698 812 modo
734 751 777 810 ita
815 750 980 828 usurpatur
1014 746 1218 828 participium,
1255 748 1291 805 ut

179 853 292 914 nomini
314 855 484 934 appositum
507 858 653 915 memoret
675 856 712 915 de
733 874 768 914 eo
792 853 918 934 aliquid,
947 850 1026 933 quod
1055 851 1092 912 ad
1124 869 1176 911 eae
1199 850 1291 930 ipsas,

180 974 258 1035 quae
282 961 456 1034 narrantur,
486 979 536 1020 res
560 959 698 1040 pertinet.
745 957 835 1028 Quod
863 958 976 1018 factum
1005 959 1054 1018 eet
1082 954 1290 1035 temporali

179 1065 212 1122 et
235 1061 389 1122 causali
412 1081 505 1124 sensu
525 1063 701 1144 saepissime
724 1063 804 1143 apud
820 1061 996 1135 Pindarum
1019 1060 1109 1122 etiam
1130 1060 1181 1120 ubi
1203 1078 1290 1120 con·

179 1165 336 1228 ceditur
372 1166 499 1248 aliquid,
533 1167 665 1249 positum
695 1173 743 1227 eet
777 1165 967 1246 participium
998 1164 1108 1225 additia
1134 1163 1289 1244 particulis

180 1262 342 1349 rainaci.
366 1273 434 1345 7,5
466 1261 586 1351 καίπερ
614 1261 801 1349 ἀχνύμενος,
828 1262 916 1350 ὅμως
945 1289 973 1349 p.
997 1271 1026 1344 4,
1051 1271 1113 1328 140
1140 1269 1288 1351 τραχεῖαν

178 1365 343 1455 ἑρπόντων
379 1368 463 1456 πρὸς
490 1367 631 1454 έπίβδαν
660 1367 763 1453 ὅμως,·
793 1367 830 1454 γέ
858 1393 887 1454 p.
913 1377 940 1448 9,
968 1375 1007 1434 96
1040 1374 1106 1450 (93)
1134 1367 1172 1432 τύ
1203 1361 1229 1453 γ’
1257 1360 1290 1432 ἒν

179 1473 261 1558 ξυνῷ
282 1471 507 1560 πεποιημένον
529 1481 559 1540 εί
580 1477 699 1559 quidem
720 1477 792 1559 quid
808 1478 968 1560 γναεολακε
984 1476 1103 1556 factam
1126 1481 1177 1538 cot.
1210 1471 1286 1557 (πέρ

179 1599 248 1641 cum
269 1580 424 1663 participio
444 1581 488 1642 ita
510 1582 701 1662 conjunctum
724 1581 805 1663 apud
826 1581 990 1643 Pindarum
1012 1601 1070 1642 non
1093 1580 1211 1655 inveni,
1235 1581 1289 1640 aed

179 1684 328 1764 adjectivo
352 1685 486 1747 additum
509 1689 558 1747 est
579 1705 608 1767 p.
633 1689 669 1762 4,
693 1686 772 1748 237:
803 1677 886 1762 ἴυξεν
916 1677 1074 1770 ἀφωνήτῳ
1103 1705 1165 1767 περ
1188 1677 1289 1764 λέγει),

179 1807 235 1850 nec
260 1809 328 1850 raro
358 1790 548 1870 participium
577 1790 690 1851 indicat
722 1791 1009 1866 conditionem,
1043 1809 1060 1850 e
1087 1808 1147 1869 qua
1177 1788 1289 1868 aliquid

181 1897 359 1954 eventurum
387 1898 448 1955 eet:
472 1896 509 1958 ol.
527 1898 555 1970 9,
580 1897 642 1956 104
665 1889 876 1975 σεσιγαμένον
896 1889 934 1955 ου’
956 1887 1142 1976 σκαιάτερον
1164 1895 1193 1954 ει·
1214 1896 1289 1954 tacc-

179 2001 230 2059 dur
258 2017 316 2060 κου
332 2000 424 2080 pejor
445 2002 495 2059 ert.
532 1999 549 2058 i.
575 2002 603 2074 1,
627 2001 665 2058 51
692 2000 759 2076 (45)
782 1990 992 2082 εὐαγορηθεὶς
1013 1990 1126 2081 κέρδος
1149 1990 1288 2081 ’ύφιστον

178 2095 315 2162 δέκεται.
356 2103 508 2177 n.8,15
538 2095 592 2162 σίν
628 2100 700 2183 θεῷ
735 2096 909 2184 φυτευθεὶς
944 2091 1043 2180 ὄλβος
1077 2089 1287 2182 ἀνθρώποισι

177 2197 437 2286 παρμονώτερος.
483 2223 512 2266 n.
538 2206 594 2280 10,
625 2207 665 2264 39
694 2192 871 2288 ἀξιωθείην
897 2222 966 2278 κεν,
1000 2197 1059 2267 edo
1101 2196 1288 2286 Θρασύκλου

175 2299 336 2386 ξύγγονος,
374 2300 417 2389 μη
448 2297 610 2389 κρύπτειν.
661 2325 691 2368 n.
715 2309 743 2382 7,
768 2309 808 2368 68
839 2299 958 2385 μαθών
990 2299 1027 2367 δέ
1053 2325 1104 2378 τις
1142 2297 1183 2366 ἀν
1213 2299 1287 2388 ἐρεῖ.

177 2407 278 2469 Etiam
301 2402 353 2470 κέν
375 2409 497 2470 additur
519 2409 668 2491 ejusmodi
686 2409 858 2492 participio:

265 2513 295 2592 a)
321 2533 376 2594 pro
404 2505 432 2574 εἰ
458 2535 527 2576 cum
556 2515 689 2596 optativo
712 2515 859 2596 positum:
905 2514 943 2575 ol.
967 2518 1016 2592 11,
1037 2517 1079 2576 20
1109 2504 1229 2599 θήξαις
1252 2509 1289 2575 δέ

178 2636 214 2678 κε
244 2608 333 2700 φύντ’
368 2604 467 2702 ἀρετᾷ
497 2613 578 2680 ποτὶ
616 2610 778 2702 πελώριον
817 2608 959 2703 ὃρμάσαι
996 2612 1096 2693 κλέος.
1141 2638 1168 2679 n.
1190 2621 1220 2696 4,
1249 2621 1287 2679 93

178 2707 293 2782 αἰνέων
316 2740 353 2781 κε
375 2713 546 2806 Μελησίαν
570 2757 611 2768 -
626 2714 720 2805 ἐ’ριδα
740 2714 884 2807 στρέφοι.
929 2743 958 2804 p.
977 2725 1026 2801 10,
1046 2725 1085 2784 62
1109 2717 1210 2800 τυχών
1234 2743 1288 2784 κεν

178 2814 345 2906 ἁρπαλέαν
367 2818 483 2902 σχέθοι
504 2819 668 2910 φροντίδα.

265 2929 297 3007 b)
319 2948 374 3009 pro
396 2921 425 2992 εί
449 2949 517 2992 cum
532 2930 692 2992 indicativo
714 2931 884 3011 praeteriti:
905 2951 933 2993 n.
957 2936 985 3012 9,
1009 2935 1050 2995 34
1073 2925 1210 3015 Χρομίῳ
1234 2951 1287 2993 κεν

176 3023 372 3109 ὑπασπίζων
393 3069 436 3078 —-
457 3026 583 3118 έκρινας
600 3027 648 3098 ἀν.
672 3069 712 3080 —=

263 3141 289 3198 3.
311 3137 541 3201 Absolutum
563 3140 643 3220 quod
666 3139 775 3201 dicitur
796 3140 986 3220 participium
1001 3139 1146 3220 paulatim
1167 3141 1288 3204 demum

177 3257 194 3299 e
224 3243 454 3305 constructionis
486 3245 573 3326 quasi
605 3248 755 3325 potestate
791 3243 1012 3325 emancipatum
1042 3264 1110 3305 esee
1139 3247 1287 3328 exemplis

176 3341 345 3408 Homericis
373 3349 579 3429 comprobavit
609 3347 784 3426 Classen;¹)
812 3347 902 3410 etiem
931 3349 1013 3429 apud
1042 3348 1213 3412 Pindarum¹
1233 3353 1287 3412 vix

175 3447 339 3512 decernere
360 3454 460 3533 possis
481 3454 632 3516 nonnuliis
655 3455 745 3530 locis,
767 3457 869 3516 utrum
888 3455 985 3516 adhuc
997 3455 1128 3536 pendeat
1143 3457 1180 3516 de
1193 3459 1285 3518 verbo

175 3554 367 3634 participium
395 3577 433 3620 an
463 3559 600 3620 absolute
626 3558 760 3638 positum
788 3559 835 3620 eit.
882 3559 931 3619 Ita
958 3559 1133 3640 genetivum
1154 3560 1287 3641 positum

174 3655 260 3717 videa
281 3657 299 3717 i.
314 3659 342 3733 5,
359 3662 399 3720 36
424 3652 538 3745 κύρησε
560 3651 689 3722 πάντων
714 3653 909 3739 δαινυμένων
926 3659 1159 3745 (Mommsenuer
1182 3654 1286 3725 δαινύ-

174 3763 294 3839 μενον).
338 3762 356 3822 i.
377 3765 406 3838 5,
430 3764 470 3824 53
502 3756 558 3826 καί
579 3785 628 3825 νιν
647 3755 771 3849 ύρνιχος
792 3758 949 3848 φανέντος
968 3757 1084 3828 κέκλετ’
1108 3760 1286 3848 ἐπώνυμον.

173 3883 202 3944 p.
225 3867 262 3940 3,
287 3868 327 3926 25
351 3857 506 3941 ἐλθόντος
528 3859 671 3953 εύνύσθη
702 3863 791 3943 ξένου
817 3862 997 3952 λέκτροισιν
1018 3858 1076 3931 ἀπ>
1099 3862 1285 3953 Ἀρκαδίας.

171 3963 221 4026 Ita
242 3967 260 4028 i.
271 3971 300 4047 3,
318 3972 336 4030 5
353 3959 427 4045 ζώει
440 3965 573 4050 μάσσιυν
586 3964 684 4053 ύλβος
699 3959 909 4053 ὀπιζομένων,
934 3976 990 4035 49:
1012 3965 1102 4037 ’ἐστιν
1116 3963 1285 4060 δάφάνεια

261 4191 286 4256 1)
303 4191 510 4258 Botrachtungen
528 4195 591 4245 iiber
607 4193 793 4246 Homerirchen
813 4196 1056 4263 Spreehgebrauch,
1073 4197 1212 4249 Frankiurt
1224 4199 1284 4266 alM.

175 4281 333 4331 rata—oe.
370 4279 445 4330 Face.
465 4279 513 4331 111.
534 4309 567 4320 -
