3066 4928
304 266 344 326 20

302 453 391 533 paulo
414 451 556 514 audacius
580 455 750 514 constmcta
772 455 913 516 videntur
935 449 986 532 ba,
1023 457 1130 536 quibus
1159 477 1292 520 nomen
1331 457 1460 537 ipsum,

302 556 418 637 dequo
441 557 570 636 pendeat
588 557 761 635 genetivus,
787 559 880 620 deest

388 658 543 722 Interdum
566 661 656 723 etiam
678 661 736 722 alia
756 664 847 724 verba
866 665 909 724 ita
929 666 1079 744 genetiuis
1095 666 1196 728 addita
1212 667 1328 726 sunt:
1363 664 1409 724 ol.
1429 667 1459 738 8,

303 767 345 826 43
369 755 483 848 φάσμα
506 757 650 849 Κρονίδα
678 761 834 850 πεμφθὲν
859 761 1083 852 βαρυγδούπου
1112 761 1203 845 Διός.
1244 789 1285 830 n.
1326 773 1372 844 3,
1410 770 1454 828 52

301 859 465 949 λεγόμενον
488 863 524 930 δέ
542 871 637 930 τοῦτο
660 865 824 954 προτέρων
847 863 928 945 ἔπος
950 864 1024 950 ἐγω,
1048 873 1099 934 ubi
1122 877 1224 934 tamen
1252 872 1456 954 participia

299 971 415 1033 facilius
446 973 483 1034 ad
516 975 697 1058 structuram
723 993 756 1034 se
786 974 935 1056 applicare
963 976 1109 1039 videntur.
1147 997 1176 1039 n.
1194 983 1227 1054 1,
1265 980 1292 1038 8
1338 967 1453 1058 ἀρχαὶ

300 1071 469 1161 βέβληνται
497 1111 539 1122 -
568 1078 657 1138 θεῶν
679 1077 878 1158 fundamenta
900 1083 988 1166 γὀολο
1016 1087 1085 1144 eunt
1114 1087 1257 1164 tuaquom
1297 1081 1451 1143 deorum

300 1179 533 1260 (fandcmeato).
569 1182 722 1258 ο1.4,10
757 1174 902 1263 Ψαύμιος
931 1180 988 1267 γὰρ
1018 1183 1082 1248 ἵκει
1103 1178 1201 1264 ὀχέων
1226 1177 1257 1260 (ὃ
1287 1185 1446 1262 κῶμος),

300 1286 352 1347 ubi
378 1285 467 1347 etiam
492 1286 591 1346 dicere
613 1289 731 1367 poterat
759 1292 863 1369 poeta:
900 1279 1042 1368 Ψαύμιός
1070 1283 1149 1354 ἐστι.
1192 1288 1444 1350 Audacissima

298 1410 371 1451 vero
392 1391 512 1452 videtur
534 1411 602 1452 esse
622 1395 772 1454 structura
795 1392 871 1453 alius
889 1393 961 1469 loci,
984 1393 1010 1452 si
1030 1393 1150 1474 quidem
1172 1395 1228 1454 hoc
1247 1393 1359 1454 modo
1379 1412 1441 1451 ex-

298 1495 436 1575 plicanda
459 1499 522 1572 est,
550 1517 577 1576 p.
594 1499 630 1571 4,
653 1498 715 1556 244
746 1496 833 1558 κεῖτο
857 1492 915 1578 γὰρ
937 1487 1039 1580 λόχμᾳ
1062 1492 1110 1568 (τὸ
1132 1492 1247 1579 δέρμα,
1276 1517 1313 1558 v.
1335 1497 1435 1574 241),

299 1593 471 1681 δράκοντος
492 1596 519 1661 (λ’
534 1591 634 1676 εἴχετο
653 1597 853 1688 λαβροτατᾶν
868 1594 1000 1682 γενύων,
1023 1601 1074 1660 ubi
1089 1601 1217 1662 fortasse
1235 1601 1434 1681 permixtae

299 1707 371 1765 sunt
392 1704 468 1764 duae
491 1706 675 1766 structurae:
698 1694 733 1788 ἦν
756 1695 927 1788 δράκοντος
949 1698 1061 1784 γενύων
1076 1735 1110 1754 =
1132 1726 1163 1766 ee
1185 1725 1249 1766 ιοον
1269 1707 1345 1784 (im
1362 1706 1428 1766 Be·
1492 1697 1493 1748 l

297 1809 371 1886 salz)
391 1808 442 1871 dee
456 1809 768 1885 Βτοολοονολλαοολιο,
790 1811 836 1870 et:
860 1799 961 1886 εἰγετο
979 1799 1044 1870 ύπό
1063 1806 1110 1890 ὄρ.
1126 1829 1188 1891 γεν.
1205 1841 1239 1858 =
1254 1830 1288 1872 es
1307 1807 1430 1872 warde
1492 1791 1493 1854 l

297 1913 428 1974 bewahrt
449 1935 513 1976 οοοι
535 1913 832 1988 Βνοολωιοολλαοιλο,
868 1916 949 1974 certe
975 1913 1019 1974 ita
1048 1914 1235 1974 intellexisse
1261 1914 1424 1974 videntur
1489 1855 1493 1988 i

297 2017 376 2077 hunc
400 2017 496 2077 locum
526 2020 557 2079 et
579 2019 774 2094 scholiastae,
806 2018 1008 2098 explicantes:
1044 2010 1178 2095 „trinea
1200 2013 1236 2080 δὲ
1258 2011 1277 2102 ἡ
1300 2010 1418 2092 ὑπόίί,
1492 2017 1493 2040 ’

298 2113 486 2199 ,κατείχετο
513 2115 577 2184 dud
599 2122 663 2183 τῶν
686 2113 875 2184 δεινοτάτων
902 2123 958 2183 τοῦ
986 2111 1160 2202 δράκοντος
1187 2116 1304 2202 γενύων
1314 2124 1347 2198 “,
1383 2123 1416 2180 et

296 2225 475 2302 Boeckhius,
487 2230 624 2288 vertens:
640 2227 775 2290 draconis
788 2228 941 2290 tenebatur
952 2228 1132 2287 ιοοοίεεέωέε
1145 2227 1242 2287 molis.
1254 2261 1297 2270 —·
1317 2225 1414 2296 Quae
1492 2213 1493 2216 ¹

297 2320 466 2393 structurae
481 2331 655 2412 explicatio,
673 2333 744 2394 licet
757 2331 968 2406 audacissima,
982 2330 1089 2390 melius
1104 2333 1202 2390 tamen
1217 2330 1290 2390 mihi
1302 2331 1410 2411 placet

297 2454 387 2514 quam
401 2435 511 2512 altera,
532 2457 621 2516 equa
640 2436 810 2520 pependisse
823 2436 939 2496 dicatur
950 2435 1047 2494 vellus
1064 2434 1101 2494 de
1113 2434 1247 2495 faucibus
1262 2432 1404 2496 draconis

296 2543 366 2620 (qua
389 2539 604 2619 significatione
631 2540 799 2621 praeditum
824 2541 872 2598 est
890 2532 1001 2617 ἔχομαι
1027 2539 1106 2618 apud
1126 2558 1234 2620 prosae
1257 2537 1405 2602 orationis

296 2645 474 2726 scriptores,
504 2663 655 2725 nunquam
677 2644 757 2725 apud
777 2643 950 2718 Pindarum,
983 2642 1032 2722 qui
1058 2642 1185 2734 omnino.
1200 2644 1230 2704 in
1253 2645 1310 2705 hoc
1340 2643 1405 2704 solo

295 2749 424 2810 carmine
444 2770 472 2810 v.
489 2752 551 2811 233
572 2751 604 2810 et
619 2753 681 2810 244
701 2748 798 2809 medio
814 2747 879 2827 ejus
894 2745 978 2806 verbi
995 2766 1069 2806 usus
1086 2750 1160 2824 est),
1185 2749 1263 2827 qnod
1279 2749 1403 2808 minime

294 2855 434 2916 convenit
460 2875 526 2915 oum
550 2854 664 2915 verbis:
693 2853 781 2915 κεῖτο
801 2842 903 2934 λόχμᾳ
931 2853 962 2912 et
982 2852 1076 2912 totius
1097 2851 1154 2913 loci
1176 2852 1336 2914 sententia.
1360 2885 1402 2895 -

296 2958 398 3029 Quare
420 2961 473 3020 aut
495 2977 561 3019 eam
583 2977 672 3038 quam
694 2975 785 3038 supra
807 2955 918 3036 protuli
939 2956 1215 3037 interpretationem
1238 2957 1403 3017 tenendam

294 3065 347 3124 aut
374 3065 472 3124 locum
495 3067 666 3143 corruptum
693 3081 762 3122 esse
787 3060 906 3141 judico;
935 3061 1019 3141 cujus
1046 3061 1164 3121 medela
1184 3061 1312 3122 fortasse
1334 3064 1401 3139 est:
1492 3047 1493 3110 l

294 3158 478 3252 λαβροτάτγ
499 3157 615 3248 γενύων
645 3169 691 3246 (cf.
714 3159 839 3240 δίκαιος
861 3159 959 3242 ξένων
980 3167 1016 3226 ol.
1038 3169 1073 3240 2,
1098 3170 1124 3226 6.
1154 3159 1186 3226 ἐν
1208 3165 1325 3250 σοφοῖς
1348 3157 1400 3227 ἄν·

292 3267 378 3355 ’δρῶν
400 3292 428 3332 n.
451 3275 485 3347 8,
509 3275 579 3347 41),
601 3274 669 3332 aut:
693 3259 756 3348 εἶχε
777 3265 814 3331 τὸ
836 3263 1034 3352 λαβροτάτον
1056 3259 1178 3348 γενύων.

380 3374 609 3456 Adjectivis
630 3375 683 3449 iis,
714 3392 789 3454 quae
812 3373 1033 3453 possessionem
1055 3373 1099 3433 rei
1130 3374 1194 3434 sive
1218 3375 1398 3454 conjunctio·

295 3499 364 3539 nem
387 3499 454 3540 cum
478 3479 577 3558 aliqua
604 3499 637 3538 re
659 3478 804 3553 indicant,
834 3477 865 3537 iu
884 3477 989 3556 lingua
1011 3474 1129 3538 Graeca
1159 3482 1212 3540 aut
1237 3479 1397 3558 genetivus

296 3584 417 3644 additur
437 3586 491 3645 aut
511 3584 645 3661 dativus,
669 3583 748 3662 quod
770 3583 863 3643 multo
886 3583 1005 3662 saepius
1027 3581 1138 3643 factum
1160 3585 1208 3644 est
1230 3583 1395 3659 aPindarc,
1492 3627 1493 3674 p

293 3687 336 3748 ita
357 3691 393 3748 ut
411 3707 448 3748 ea
469 3688 617 3768 adjectiva
644 3687 776 3748 nondum
803 3687 1056 3748 substantivorum
1082 3686 1216 3748 induisse
1239 3689 1394 3749 videantur

277 3794 479 3868 ¹structuram
509 3793 600 3873 (quod
629 3791 664 3853 fit
671 3840 679 3869 ,
712 3791 738 3851 si
762 3792 954 3871 conjungitur
985 3783 1080 3874 φίλος
1108 3779 1235 3875 ἀνδρός,
1272 3794 1392 3869 similia),

298 3896 354 3957 sed
380 3897 554 3978 praevaleat
583 3899 614 3958 in
635 3897 672 3957 iis
698 3895 779 3957 notio
805 3896 943 3971 actionis,
974 3913 1050 3975 qnae
1078 3895 1116 3955 ad
1138 3896 1226 3956 aliam
1246 3916 1310 3957 rem
1333 3898 1390 3957 sive
1492 3921 1493 3926 ¹

294 4020 453 4082 personam
470 4002 619 4082 pertineat
637 4003 668 4061 et
686 4002 723 4061 ab
741 4019 777 4060 ea
795 3999 961 4080 excipiatur
979 3995 1071 4083 (quod
1087 3999 1129 4078 fit,
1150 4001 1175 4060 si
1190 4001 1279 4062 dicis:
1303 3994 1390 4084 φίλος
1492 3995 1493 4072 l

296 4097 410 4190 ἀνδρί).
433 4141 476 4150 -
506 4105 607 4176 Quare
629 4104 698 4166 vide
720 4105 758 4164 de
776 4104 813 4165 iis
835 4104 929 4165 dativi
951 4105 1179 4186 descriptionem
1201 4106 1225 4184 ἓ.
1247 4111 1282 4182 6,
1308 4111 1334 4166 7.
1492 4079 1493 4094 ,

380 4209 429 4270 Ex
450 4210 661 4271 'adverbiis
684 4212 800 4270 restant
821 4211 942 4290 praeter
964 4228 1015 4286 ea,
1051 4229 1126 4290 quae
1157 4209 1188 4270 in
1216 4211 1311 4272 dativi
1337 4229 1387 4270 usu
1492 4211 1493 4252 l

295 4314 489 4376 describendo
511 4315 689 4391 memoravi,
718 4332 768 4390 ea,
800 4333 876 4392 quae
900 4314 957 4376 loci
980 4315 1217 4394 conjunctionem
1238 4315 1386 4386 denotant
