3066 4928
1251 272 1292 330 59

175 485 207 545 p.
235 468 354 540 10,12
379 457 555 546 ἐμβέβακεν
583 467 735 546 inpressas
759 467 817 541 est,
848 466 939 526 iaudat
959 462 1113 546 intrepide.
1152 461 1170 521 i.
1194 467 1230 537 1,
1252 463 1293 522 49

177 568 249 645 (43)
279 563 393 652 γαστρὶ
423 568 492 644 πάς
519 588 569 642 τις
598 557 722 649 άμάνων
750 562 842 647 λιμὸν
868 561 1064 629 τέταται-
1092 569 1223 628 intentus
1242 573 1319 643 est„

177 672 307 736 laborat.

269 773 363 856 Cujus
396 775 623 855 significationis
654 778 804 856 permulta
841 776 941 838 efferri
977 780 1106 857 possunt
1135 774 1295 856 praeterea

182 879 330 958 exempla
374 878 532 941 Interdum
554 880 596 942 ita
618 881 699 960 apud
721 880 883 941 Pindarum
905 880 1107 961 praemittitur
1128 876 1295 959 perfeetum

182 982 355 1044 universam
392 984 591 1045 conditionem
630 984 803 1065 praeteritis
846 986 936 1046 rebus
974 984 1111 1045 effectam
1151 981 1295 1042 indicans,

180 1085 291 1146 deinde
323 1092 483 1148 narrentur
517 1088 627 1148 aoristo
659 1088 780 1166 singula
811 1089 906 1166 faeta,
940 1089 1048 1169 quibus
1078 1106 1115 1148 ea
1146 1085 1296 1148 sententia

181 1192 345 1270 probetur,
374 1192 459 1252 velut
486 1191 517 1252 in
539 1192 612 1254 loeis
642 1211 735 1272 supra
762 1192 862 1254 allatis
891 1193 909 1254 i.
929 1199 963 1268 3,
986 1196 1026 1255 55
1050 1186 1190 1276 Ὅμηρος
1210 1183 1295 1251 τετί-

179 1315 279 1372 μακε,
303 1284 339 1368 ὃς
361 1287 482 1379 έφρασε
505 1310 549 1375 sq.
585 1316 613 1376 p.
637 1299 693 1373 10,
717 1301 756 1357 12
781 1290 941 1377 έμβέβακε
963 1332 1007 1340 -
1027 1289 1133 1378 ἔθηκε.

271 1396 388 1478 Ubique
411 1402 513 1460 autem
535 1400 703 1480 perfeetum
724 1419 774 1460 res
797 1401 855 1461 etsi
877 1403 967 1461 antea
984 1400 1080 1461 factes
1095 1399 1135 1460 ed
1150 1415 1295 1478 praesens

182 1503 284 1563 temen
307 1505 426 1583 tempus
450 1503 548 1583 aliquo
571 1504 658 1564 modo
679 1504 866 1584 pertinentes
888 1505 1008 1565 indicat.

271 1608 300 1665 4.
336 1605 732 1688 Plusquemperseeti
761 1608 820 1668 duo
848 1611 966 1669 tentum
994 1609 1025 1668 in
1047 1606 1168 1668 Pindari
1191 1603 1295 1666 earmi-

182 1709 272 1770 nibus
301 1709 404 1770 inveni
434 1711 574 1790 exempla
602 1711 672 1788 (tria
701 1715 825 1772 exstant
854 1713 935 1793 apud
957 1711 1143 1792 Aeschylum
1173 1710 1296 1770 auctore

185 1813 329 1891 Brockio)
352 1849 397 1858 -
418 1815 541 1894 praeter
561 1807 735 1894 ε’μέμναντο
758 1815 776 1875 1.
799 1820 826 1891 7,
849 1820 907 1892 26,
930 1817 1010 1895 quod
1031 1815 1086 1876 vix
1108 1813 1188 1874 inter
1211 1813 1295 1894 plus-

186 1918 411 1999 quamperseeta
440 1917 609 1978 ducendum
638 1918 760 1979 videtur
788 1955 832 1964 -
859 1939 937 2000 quae
964 1921 1109 1999 leguntur
1132 1919 1168 1979 ol
1191 1922 1225 1994 6,
1253 1919 1295 1977 54

183 2015 396 2104 κέκρυπτο
423 2007 493 2103 ’γὰρ
532 2015 657 2104 σχοίνῳ.
703 2023 720 2083 i.
749 2027 783 2100 2,
818 2027 858 2085 39
894 2026 983 2086 θεῶν
1021 2020 1136 2096 δαῖτας
1172 2041 1295 2104 προς-

183 2119 374 2188 έπτοκτο.

274 2232 302 2289 5.
338 2227 527 2291 Aoristus
558 2229 676 2290 omnino
707 2230 832 2291 aetionis
851 2230 980 2292 ‚initium
1008 2232 1171 2304 memorat;
1210 2228 1296 2308 cujus

184 2331 411 2412 significationis
441 2332 599 2393 manifesta
630 2335 770 2414 exempla
797 2336 942 2414 leguntur
970 2335 1060 2395 etiam
1086 2334 1167 2414 apud
1189 2332 1296 2392 Pinde-

184 2457 267 2497 rum:
290 2437 378 2513 ο1.1,
399 2439 439 2497 25
461 2435 518 2498 τοῦ
540 2428 745 2520 ἐράσσατο
763 2430 922 2515 Γαιάοχος
945 2439 1079 2520 (αριστοτ
1099 2438 1181 2511 liet).
1204 2456 1232 2497 n.
1246 2439 1297 2510 10,
1410 2514 1413 2520 Ι

185 2544 226 2601 24
257 2540 328 2600 alibi
355 2533 473 2617 έσχεν
495 2532 602 2601 λάθαν
624 2531 798 2603 πόνων-
820 2545 932 2624 aceepit
952 2543 1127 2605 obtinentem
1149 2542 1294 2604 ἰοδονκνι.

183 2665 212 2705 n.
235 2649 311 2721 7,3
342 2634 414 2706 άνεσ
443 2637 540 2705 σέθεν
562 2637 599 2706 οὐ
623 2635 721 2727 φάος,
752 2638 788 2706 οδ
810 2640 964 2725 μέλαιναν
994 2639 1219 2728 δρακέντες
1249 2631 1296 2704 εὖ·

183 2739 304 2832 φρόναν
327 2779 362 2798 =
386 2768 536 2829 ιικνιραοαι
558 2752 683 2824 fartum
710 2754 799 2826 esset,
830 2753 864 2811 ut
891 2753 1097 2831 aspiceremus.
1118 2782 1162 2791 -
1193 2747 1297 2818 Quare

185 2853 316 2913 maxime
345 2852 475 2913 usitatus
507 2857 556 2913 est
587 2854 717 2913 emistus
747 2854 778 2913 in
807 2854 898 2913 rebus
927 2852 1025 2931 gestis
1054 2851 1228 2928 narrandis,
1263 2855 1298 2912 ut

184 2960 297 3022 notum.
349 2956 497 3018 Nimirum
529 2975 742 3036 nonnunquam
772 2956 886 3035 eligere
916 2958 1036 3036 peterat
1060 2958 1165 3036 poete,
1195 2957 1297 3016 utrum

184 3061 310 3122 aetionis
332 3060 450 3121 initium
473 3062 589 3121 tantum
611 3063 805 3136 memoraret,
834 3078 871 3120 en
894 3079 961 3121 eam
984 3059 1131 3120 actionem
1153 3060 1191 3120 ed
1212 3078 1297 3139 prae

185 3184 255 3225 sens
285 3183 404 3244 quoque
434 3167 555 3244 tempus
576 3164 730 3245 pertinere
759 3164 887 3238 diceret3
915 3163 959 3224 ita
979 3164 1131 3224 interdum
1153 3162 1298 3224 aoristum

185 3269 316 3349 positum
337 3268 439 3344 vides,
468 3269 519 3329 ubi
546 3269 713 3348 perfeetum
738 3267 981 3348 exspectaveris,
1011 3268 1097 3327 velut
1119 3265 1234 3342 01.14,
1257 3270 1297 3327 18

184 3364 300 3451 έμολον
324 3360 448 3434 άείδιον.
485 3392 513 3432 n.
538 3377 573 3448 6,
596 3375 637 3435 59
670 3364 748 3451 έβαν
772 3366 913 3454 γαρύων,
945 3370 1019 3447 alia,
1048 3370 1100 3431 ubi
1125 3371 1156 3430 id
1181 3372 1298 3431 tantum
1355 3434 1359 3440 ,

184 3476 328 3556 temporis
351 3476 437 3556 quasi
457 3478 603 3557 punctum
625 3476 743 3551 eximit,
773 3496 831 3554 quo
854 3475 968 3552 exiret,
993 3494 1106 3555 neque,
1129 3475 1209 3553 quod
1230 3493 1298 3535 eon-

186 3582 365 3640 sentaneum
388 3582 450 3656 est,
474 3580 570 3656 addit,
594 3598 628 3638 se
651 3579 820 3640 advenisse.

272 3683 373 3744 Etiam
401 3683 567 3744 infinitivus
594 3701 632 3743 ea
660 3682 764 3744 aoristi
792 3682 824 3743 vi
852 3683 1008 3763 praeditus
1037 3684 1098 3742 est:
1134 3681 1169 3742 ol.
1193 3685 1227 3758 6,
1257 3683 1298 3744 53

185 3779 248 3848 οὔτ’
272 3775 374 3848 άκοῦ
381 3800 448 3846 σαι
472 3774 534 3848 οὔτ’
559 3779 666 3848 ἰδεῖν
689 3778 814 3863 εέχονιο
847 3789 1027 3867 negaverunt
1049 3805 1080 3846 se
1105 3804 1236 3866 καρκοοι
1257 3789 1299 3849 ον’-

187 3892 267 3953 disse
296 3894 349 3952 aut
373 3889 538 3965 addidisem
569 3909 662 3970 quare
691 3890 783 3952 etiem
814 3891 852 3951 de
880 3890 970 3950 rebus
998 3889 1107 3949 futuris
1128 3891 1301 3970 usurpetur,

187 3996 365 4074 conjunctus
388 4013 456 4055 eum
477 3993 579 4054 verbis
602 3994 761 4075 sperandi,
788 3992 999 4073 promittendi,
1030 3992 1191 4054 similibus:
1221 4014 1249 4074 p.
1270 3996 1300 4069 4,

187 4102 250 4160 243
274 4090 458 4183 ἤλπετο-
480 4088 684 4180 πράξασθαι.
720 4117 750 4177 p.
773 4101 806 4173 1,
829 4099 871 4159 43
895 4089 1038 4175 ἔλπομαι
1062 4130 1103 4140 -
1125 4093 1237 4176 βαλεῖν
1257 4131 1301 4141 -

185 4190 402 4282 άμεάσασθαι.
439 4221 468 4282 p.
491 4205 527 4278 3,
552 4205 611 4262 111
645 4194 752 4262 ἐλπίδ’
775 4191 837 4276 ilco)
859 4191 1024 4283 εὑρέσθαι.
1062 4199 1098 4261 ol.
1122 4205 1157 4275 1,
1179 4202 1221 4262 58
1248 4194 1302 4260 τὸν

186 4297 238 4367 ἀεὶ
267 4305 485 4385 μενοινῶν-
513 4301 634 4384 βαλεῖν.
679 4323 708 4384 p.
728 4306 763 4381 4,
793 4304 843 4364 55.
867 4304 908 4364 56
947 4301 1071 4382 Φοῖβος
1100 4292 1235 4382 άμνάσει
1257 4335 1301 4348 -
