3066 4928
1247 265 1265 324 9
1384 261 1386 268 ,

153 459 272 548 γενεά
287 496 372 546 ....;
405 475 437 533 81
464 474 535 554 post
555 470 750 542 infinitivum,
784 463 831 525 cui
854 462 982 544 subjecti
1002 455 1193 522 accusativus
1215 453 1266 514 ad·

154 570 271 634 dendus
296 580 378 651 erat,
408 576 547 658 pergitur
567 573 749 636 nominativo
777 568 925 652 participii
953 563 1147 628 hauddubie
1175 559 1214 620 ad
1235 558 1267 620 id

156 679 323 760 subjeetum
349 679 513 741 referendi:
546 698 575 759 p.
594 682 629 754 9,
652 683 691 738 91
722 661 1018 755 8818888818)
1042 705 1082 714 -
1109 658 1268 740 εὐκλεΐξαι

154 778 286 864 σιγαλὸν
309 771 491 863 ἀμαχανίαν
513 774 593 865 ἔργῳ
616 774 758 865 φυγών.
1252 832 1254 838 ,

241 887 278 948 Ι8
299 887 548 950 allocutione
569 884 770 948 nominativus
792 881 909 964 positus
933 881 981 941 ost
1009 877 1177 957 (Krucgerz
1206 872 1267 955 opi-

155 991 418 1072 phonematischor
444 991 628 1067 Nominativ)
657 1011 685 1070 p.
708 991 743 1065 5,
775 979 815 1048 4'6
845 987 913 1064 (43)
942 973 1100 1065 μακάριος
1126 969 1162 1052 ὃς
1187 970 1269 1054 ἔχεις

154 1131 200 1140 -·-
215 1095 346 1178 σημ8ῖ8;
377 1099 422 1172 81,
447 1101 481 1156 81
503 1114 595 1175 saepe
618 1094 699 1176 apud
720 1091 901 1168 Homerum,
931 1080 1026 1173 φίλος
1053 1103 1109 1166 pro
1129 1081 1268 1144 vocativo

155 1203 336 1280 usurpatum
357 1219 385 1259 n.
406 1204 439 1278 3,
465 1204 513 1262 76,

244 1308 272 1364 2.
311 1303 509 1367 Vocativc
531 1303 680 1366 Pindarus
713 1319 801 1362 suum
831 1297 928 1380 ipsius
956 1293 1080 1375 genium
1109 1289 1270 1370 alloquitur

157 1408 194 1468 01.
215 1411 252 1482 2,
275 1411 315 1468 88
337 1410 410 1483 (88).
440 1428 468 1468 n.
491 1414 527 1481 a,
550 1412 599 1469 88.
631 1407 719 1486 frgm.
743 1407 800 1479 88,
825 1407 852 1463 1.
879 1405 956 1477 888,
980 1404 1008 1460 8.

241 1509 486 1590 Intorjecticnem
514 1501 555 1590 ὦ,
590 1510 641 1571 ubi
669 1511 706 1571 ob
732 1511 863 1570 metrum
890 1525 951 1566 non
979 1501 1166 1584 requiratur,
1199 1499 1270 1560 8818

156 1615 292 1676 vocalem
315 1616 412 1676 omitti
440 1634 459 1676 8
478 1615 606 1676 Pindaro
628 1615 715 1676 notat
737 1611 907 1674 Boeolrhius
936 1611 996 1671 not.
1026 1628 1054 1689 p.
1077 1610 1111 1685 4,
1135 1609 1199 1668 250
1221 1603 1270 1682 (cf.

157 1718 253 1794 01.1‚
283 1723 352 1780 ror.
387 1721 639 1796 8188888.
677 1719 712 1779 01.
739 1722 796 1795 11,
823 1719 861 1776 88
893 1715 967 1793 (aa).
1001 1733 1029 1793 p.
1052 1716 1111 1787 10,
1135 1711 1197 1788 10).
1227 1743 1271 1753 -

158 1821 350 1901 singularem
383 1823 450 1903 ejus
475 1822 691 1904 interjectionis
718 1819 942 1883 collocationem
970 1817 1057 1879 notat
1081 1813 1271 1878 Godolrcdus

157 1926 192 1988 ol
218 1930 251 2002 8,
276 1933 292 1988 1
316 1928 417 2010 μᾶτερ
441 1916 757 2011 ὦχροσοστεφάνων
780 1916 916 1986 ἀέθλων.

248 2030 415 2092 Vocativus
446 2031 606 2109 gravitatis
636 2034 667 2091 81
697 2029 842 2091 claritatis
869 2046 961 2088 causa
988 2025 1105 2107 positus
1132 2025 1272 2084 estante

157 2153 322 2215 pronomen
350 2135 500 2195 secundas
523 2153 672 2215 personae
699 2154 728 2214 p.
754 2139 788 2210 7,
818 2137 859 2193 10
878 2124 1058 2207 Ἄπολλον,
1091 2121 1128 2190 οἳ
1143 2121 1216 2188 τεὸν
1236 2147 1272 2206 ye

157 2233 259 2317 δόμον
281 2231 425 2314 ἔτευξαν,
451 2239 532 2298 818.
558 2241 599 2298 14
622 2227 649 2298 ul
670 2230 869 2318 Μεγάκλεες,
891 2227 980 2315 ὑμαί.
1004 2269 1040 2278 -
1069 2233 1106 2294 81.
1129 2237 1162 2308 8,
1187 2232 1235 2291 15.

247 2339 344 2420 Saepe
385 2341 466 2421 apud
498 2340 662 2402 Pindarum
696 2343 850 2401 structura
886 2339 1006 2418 incepta
1041 2338 1090 2396 881
1124 2335 1272 2411 88881188,

160 2446 246 2525 ouJ'us
278 2447 386 2526 postea
414 2463 475 2505 non
501 2445 604 2506 habita
634 2447 683 2506 est
712 2445 805 2520 ratio,
843 2443 1022 2525 pracsertim
1042 2440 1094 2501 ubi
1117 2439 1220 2500 statim
1241 2438 1273 2498 in

158 2549 244 2609 initio
266 2537 432 2610 carminum
452 2549 493 2609 dii
520 2550 713 2623 invocantur;
749 2550 784 2609 ol.
808 2549 844 2608 ol.
865 2553 900 2624 4,
925 2554 952 2609 1.
976 2551 1024 2608 10.
1060 2546 1095 2607 81.
1120 2546 1273 2620 8,1.12.

158 2673 186 2713 n.
214 2657 250 2730 8,
290 2658 316 2712 1.
355 2674 384 2734 p.
409 2658 443 2729 1,
478 2658 505 2714 1.
551 2657 583 2714 81
618 2654 677 2716 8118
712 2654 854 2734 exempla
890 2653 1016 2714 collecta
1051 2669 1069 2710 a
1102 2646 1273 2711 Godofredo

159 2777 228 2838 pag.
254 2761 304 2817 20.

683 3104 708 3182 8.
731 3108 759 3164 4.

503 3258 565 3340 De
595 3259 823 3342 accusativi
853 3285 942 3342 888.

249 3476 432 3539 Accusativo
458 3476 608 3556 objectum
630 3497 698 3538 cum
717 3478 819 3539 verbis
835 3477 947 3560 duplici
966 3480 1054 3540 modo
1077 3477 1279 3558 conjungitur,

162 3587 197 3645 ut
219 3581 371 3661 significet
393 3582 447 3640 aut
468 3599 533 3640 rem
556 3600 622 3641 eam
646 3582 710 3643 sive
732 3601 910 3663 personam,
931 3603 1008 3664 quae
1026 3582 1178 3643 1888811181
1200 3583 1280 3662 quod

162 3689 267 3751 dicunt
287 3684 373 3746 verbi
397 3684 515 3746 actione
537 3683 679 3762 afficitur,
709 3690 777 3764 aut,
807 3688 885 3768 quod
907 3706 926 3748 8
944 3686 1069 3750 Graecis
1090 3687 1280 3767 potissimum

163 3793 247 3854 vario
272 3790 360 3850 modo
382 3791 562 3869 usurpatum
582 3793 647 3865 est,
669 3791 766 3872 ipsam
788 3791 935 3853 actionem
953 3793 1038 3852 verbi
1061 3791 1127 3853 sive
1149 3791 1180 3852 id
1200 3792 1281 3871 quod

165 3915 203 3955 88
227 3895 343 3955 8811888
366 3891 519 3973 perficitur
539 3895 590 3954 vel
610 3895 641 3954 in
657 3904 700 3956 88
719 3895 905 3972 continetur,
927 3897 1012 3957 velut
1033 3888 1198 3975 μάχεσθαι
1221 3891 1280 3974 μοί-

161 4019 219 4082 χην
245 3988 359 4080 καλήν,
394 3997 473 4075 quod
494 3997 561 4057 fieri
591 4001 692 4079 potest
725 3999 756 4059 in
781 4000 882 4060 verbis
915 4003 947 4061 et
974 3999 1142 4062 transitivis
1176 4001 1207 4061 et
1236 4001 1280 4060 18-

166 4099 340 4163 transitivis.

257 4208 285 4264 1.
323 4203 369 4264 Dc
392 4203 487 4285 primo
507 4224 621 4284 genero
650 4206 760 4285 objecti
784 4205 910 4267 nonita
930 4206 1026 4267 multa
1055 4209 1126 4268 sunt
1154 4226 1281 4269 comme-

171 4309 316 4371 moranda
345 4309 426 4390 apud
448 4307 618 4371 Pindarum.
663 4309 740 4373 Cum
760 4309 932 4372 accusativo
954 4328 1102 4392 personae
1124 4312 1282 4395 conjuncta
