3066 4928
207 259 248 317 54

205 439 395 525 μέλπεσθαι
415 465 443 524 p.
461 449 489 522 3,
513 447 561 506 78.
584 465 611 506 n.
630 450 657 520 1,
674 448 730 518 20;
752 444 884 506 activum
907 445 1116 524 irgnn45,10
1137 435 1231 526 μόνον
1246 440 1320 522 μελ-

206 544 310 629 πέμεν
333 549 447 628 (addito
464 550 602 630 objecto).
632 550 667 611 ολ
683 554 711 626 2,
728 555 768 611 92
786 537 969 630 αὐδάσομαι
984 571 1002 611 e
1019 552 1120 631 script.
1131 549 1320 611 Mommseni.

292 653 456 716 Praeterea
477 654 713 716 commemorabo
737 675 765 734 p.
789 659 823 731 1,
847 658 889 715 40
912 649 974 737 νάιμ
996 651 1148 734 τιθέμεν,
1177 673 1232 734 pro
1254 650 1319 713 Ho-

207 756 318 817 merico
340 757 407 818 illo:
442 751 476 818 έν
499 752 597 841 φρεσὶ
619 753 748 819 θέσθαι
778 759 847 837 (sed
869 779 897 823 n.
919 764 954 832 3,
985 763 1041 820 62:
1072 751 1106 820 έν
1129 750 1226 841 φρεσὶ
1251 747 1320 816 πά-

207 857 307 937 ξαιτο.
347 881 374 921 n.
397 864 453 937 10,
484 865 523 922 79
553 855 693 924 διπλόαν
721 853 830 946 γνώμᾳ
853 856 936 923 θέτο
966 856 1102 942 βουλάν).
1138 881 1167 922 n.
1192 865 1247 935 11,
1278 863 1320 921 33

208 963 383 1044 συμβαλεῖν
406 989 448 1015 =
469 967 638 1049 conjectura
664 970 796 1048 aaeepni,
825 985 902 1044 quae
932 967 1013 1045 apud
1036 965 1110 1026 alios
1141 963 1320 1043 significatio

207 1069 306 1129 medio
340 1087 430 1148 quam
460 1070 590 1130 maxime
621 1069 708 1130 inest.
753 1070 788 1130 ol.
816 1072 850 1145 5,
883 1073 924 1130 24
961 1064 1120 1150 ἐξαρκέων
1152 1059 1322 1130 κτεάτεσσι

210 1171 381 1232 Boeokhiue
411 1173 557 1253 explicat:
596 1173 710 1236 abnnde
746 1174 810 1235 eibi
842 1173 964 1236 divitiae
991 1175 1114 1250 hebere,
1147 1175 1183 1233 ut
1216 1173 1323 1232 eadem

209 1275 428 1354 significatione
455 1280 634 1358 usurpatum
665 1278 705 1338 eit
732 1279 880 1354 activum,
910 1297 969 1357 qua
997 1277 1078 1358 apud
1099 1275 1218 1338 Atticos
1250 1276 1322 1336 scri-

209 1383 314 1460 ptores
334 1381 504 1461 praeditnm
521 1388 569 1442 eet
590 1382 721 1442 medium
743 1383 809 1462 ejus
828 1382 913 1443 verbi
920 1407 927 1456 ;
952 1383 1006 1442 sed
1027 1382 1181 1462 aptissime
1201 1384 1322 1440 vertere

210 1487 298 1564 potes
320 1504 389 1544 eum
411 1486 525 1546 locum:
560 1486 746 1565 actmfcciene
765 1488 870 1568 optim
896 1490 975 1562 anio,
1003 1485 1020 1545 i.
1041 1505 1065 1546 e.
1088 1506 1145 1548 non
1166 1484 1324 1565 indipnnm

209 1608 241 1650 ee
262 1587 415 1650 ostendent
443 1609 493 1666 ec,
525 1609 583 1670 pcc
602 1589 744 1668 fruitur,
775 1590 946 1652 conditione.
971 1625 1014 1634 -
1040 1590 1075 1650 ol.
1099 1592 1132 1666 8,
1160 1590 1200 1648 59
1231 1581 1325 1648 διδά-

194 1688 338 1766 ξασθαι
362 1692 475 1754 dictum
502 1697 551 1753 est
581 1694 618 1753 de
647 1693 808 1771 magistro,
845 1693 896 1772 qui
924 1711 1051 1773 puerum
1080 1692 1199 1753 edocuit
1227 1694 1324 1750 artem

209 1795 382 1874 (luctandi),
413 1797 493 1876 quod
514 1797 666 1858 interdum
695 1797 806 1857 factum
836 1798 884 1856 est
911 1797 1002 1858 etiam
1030 1798 1067 1856 ab
1090 1795 1172 1869 eliis3
1205 1793 1237 1852 in
1258 1794 1324 1853 loco

212 1899 370 1960 Pindarico
391 1894 429 1960 τὸ
448 1892 648 1976 διδάξασθαι
671 1896 708 1962 δέ
725 1919 777 1961 τοι
800 1891 903 1962 εἰδότι
924 1894 1057 1984 ῥᾴτερον
1085 1918 1175 1978 quam
1194 1897 1326 1957 maxime

213 2002 316 2081 agitur
345 2004 383 2063 de
410 2004 521 2082 gloria,
555 2023 631 2083 quae
659 2003 719 2085 ipsi
745 2004 889 2083 magistro
921 2003 1042 2065 eveniat
1072 2001 1327 2082 edieoipulorum

213 2106 364 2182 victorie,
388 2127 479 2187 quare
499 2112 602 2168 vertas
624 2127 684 2168 non
702 2108 804 2188 inepte
827 2128 894 2169 cum
909 2107 1068 2187 Kruegero
1091 2109 1128 2187 (S.
1142 2108 1193 2182 52,
1215 2111 1264 2181 11,
1280 2107 1327 2179 2):

211 2213 275 2274 eicie
295 2209 423 2274 θαλλίαν·
442 2213 641 2276 peromnem.

299 2315 402 2377 Etiam
422 2316 493 2377 aiibi
515 2317 636 2378 minime
665 2317 787 2378 suavis
812 2317 899 2376 deest
927 2315 1043 2390 medio,
1071 2319 1106 2375 ut
1134 2335 1161 2395 p.
1183 2317 1218 2390 4,
1249 2317 1327 2375 138:

213 2415 349 2500 βάλλετο
378 2418 521 2503 κρηπῖδα
543 2415 649 2481 ἐπέων
678 2423 711 2482 in
736 2439 792 2482 eun
819 2439 910 2481 conon
935 2420 1024 2481 verbe
1047 2418 1128 2496 fecit.
1170 2440 1197 2498 p.
1218 2421 1254 2493 4,
1284 2420 1327 2477 29

215 2514 331 2606 ἀνδρὸς
353 2516 518 2605 πρόςοψιν
541 2513 727 2606 θηκάμενος
748 2525 809 2584 οισι·
822 2541 940 2584 enmem
959 2521 1071 2598 faciem
1085 2525 1153 2584 vini.
1181 2523 1217 2583 ol.
1233 2527 1259 2599 7,
1279 2525 1331 2582 31.

217 2647 246 2708 p.
267 2631 303 2703 4,
326 2631 397 2690 263.
423 2626 459 2687 al.
482 2617 701 2705 μαντέάεσθαι
724 2627 847 2688 encenia
866 2628 1009 2707 enpetene.

304 2728 467 2793 Causativo
499 2750 592 2792 sensu
621 2730 752 2790 medium
782 2729 914 2810 positum
945 2749 1013 2789 esse
1043 2731 1131 2809 putat
1160 2727 1331 2790 Boeckhino

216 2836 251 2896 ol.
262 2840 312 2911 13,
327 2840 363 2897 3:
382 2829 546 2916 pericopen
559 2828 618 2896 τάν
636 2822 749 2914 ὀλβίαν
760 2824 937 2916 Κόρινθον,
951 2834 1030 2913 quod
1039 2834 1139 2912 aptius
1154 2831 1332 2912 explicabiez

213 2959 332 3002 noceam
359 2940 409 2999 vel
442 2939 575 3000 imitabo.
604 2973 646 2982 -
685 2937 881 2998 Memorabile
912 2940 960 2997 est
985 2959 1013 3017 p.
1039 2941 1076 3013 4,
1107 2939 1150 2996 84
1172 2930 1332 3019 σφετέρας

215 3034 344 3123 γνώμας
362 3036 563 3124 πειρώμενος
584 3045 822 3123 experimentum
841 3043 984 3123 praebens
1004 3059 1076 3102 anne
1095 3042 1225 3102 virtutae.

306 3145 431 3208 Paesivo
454 3164 544 3206 sensu
572 3148 719 3225 usurpata
742 3148 814 3205 sunt
834 3145 926 3205 medii
947 3145 1060 3205 formae
1083 3162 1213 3224 paucae:
1251 3163 1279 3221 p.
1304 3147 1335 3218 1,

221 3253 262 3310 10
290 3250 380 3324 τεαῖς
409 3249 540 3330 ῥιπαῖσι
567 3243 806 3327 κατασχόμενος
832 3248 969 3311 domitna.
1011 3248 1046 3309 ol.
1068 3251 1102 3322 8,
1130 3249 1171 3308 45
1202 3237 1333 3328 άρξεται

218 3359 340 3436 npetnr,
361 3355 523 3436 incipietur
545 3371 580 3414 ec
601 3373 658 3414 ree.

308 3461 336 3519 3.
371 3457 417 3517 De
438 3457 599 3537 passivo
622 3475 735 3534 genere
758 3456 830 3516 nihil
851 3457 914 3515 fere
936 3455 1032 3516 haheo
1054 3454 1134 3532 quod
1157 3471 1333 3514 commemo-

219 3581 299 3636 rem,
322 3561 381 3622 nisi
403 3562 439 3622 ol.
461 3564 495 3635 7,
518 3564 556 3621 61
580 3553 764 3639 μνασθέντι
787 3579 879 3620 sensu
901 3560 999 3621 activo
1021 3559 1201 3638 usurpatum
1215 3587 1249 3606 =
1272 3577 1335 3618 mo-

219 3668 314 3741 nenti,
353 3668 529 3727 mentionem
556 3664 689 3743 facienti
724 3665 888 3724 secundum
916 3661 1059 3722 Boeokhii
1091 3661 1334 3740 explicationem,

222 3786 299 3848 qnae
319 3767 441 3828 minime
463 3768 636 3828 necessaria
658 3766 794 3842 videtum
824 3786 883 3825 non
908 3765 996 3826 dubie
1019 3757 1148 3847 δρακείς
1174 3784 1201 3844 p.
1226 3767 1259 3838 2,
1284 3765 1334 3823 20.

221 3892 249 3932 n.
268 3875 303 3947 7„
320 3875 346 3934 3.
367 3871 457 3950 frgm.
475 3874 532 3946 88,
553 3876 588 3947 2,
611 3873 645 3931 ut
663 3874 782 3943 notum;
807 3858 989 3948 άμάνεσθαι
1008 3869 1123 3949 passivi
1137 3886 1229 3929 sensu
1247 3885 1334 3947 prae-

223 3975 319 4036 ditum
339 3976 386 4035 eet
407 3994 435 4054 p.
460 3978 515 4049 11,
539 3976 597 4048 54;
620 3974 708 4034 medii
731 3975 749 4033 i.
772 3977 806 4048 6,
830 3977 879 4033 27.
