3066 4928
1215 285 1254 342 31

151 468 234 528 livua
254 487 402 549 personae
424 469 575 532 offerentis
597 489 625 549 p.
648 472 685 545 4,
708 471 759 531 24.
784 471 818 546 8,
841 471 869 531 5.
895 470 914 530 i.
935 471 969 546 5,
992 473 1020 530 4.
1043 487 1147 549 saepe,
1177 469 1257 550 quod

150 572 222 634 inde
245 573 283 633 ab
305 573 436 636 Homero
467 573 523 652 (0,
547 575 600 653 88)
632 573 712 635 haud
738 593 806 635 raro
827 574 940 654 legitur
968 575 1048 655 apud
1070 579 1192 654 poetam
1226 575 1258 634 et

151 677 290 738 simililer
311 679 423 741 dietum
451 683 499 739 est
526 680 544 740 i.
564 682 599 754 4,
630 681 669 739 62
699 672 842 760 λάμβανέ
861 669 893 740 oi
916 674 1074 763 στέφανον
1102 682 1200 761 accipe
1221 678 1258 740 ab

152 802 186 844 eo
208 802 354 845 οονοιισυι.

242 891 270 948 6.
308 886 395 947 Inter
417 888 555 963 uerba,
582 905 660 967 quae
681 890 874 968 praeterea,
903 907 1030 967 quorum
1048 888 1111 967 jam
1133 887 1258 948 mentio·

153 1011 221 1052 nem
239 992 307 1069 faoi,
331 993 411 1072 apud
425 990 586 1052 Pindarum
603 1012 670 1052 oum
688 993 789 1053 dativo
808 993 1043 1072 conjunguntur,
1065 993 1259 1052 memoranda

152 1097 293 1157 videntur
313 1096 406 1156 verba
432 1095 572 1176 loquendi
600 1099 632 1157 el
653 1097 819 1177 imperandi
844 1097 1001 1159 nonnulla:
1039 1091 1140 1178 λέγειν
1168 1097 1204 1157 ol
1228 1101 1258 1173 8,
1344 1177 1346 1186 .

154 1202 212 1277 43,
235 1220 333 1280 saepe.
363 1189 490 1278 μανόειν
512 1201 531 1260 1.
551 1205 585 1275 7,
610 1202 667 1276 55;
689 1201 783 1262 semel
805 1193 925 1284 ὀτρύνω
946 1223 976 1283 p.
994 1205 1030 1277 4,
1053 1203 1095 1261 40
1119 1192 1258 1285 ιῖίσρυνόν

154 1323 203 1364 νιν
219 1294 406 1377 λυσιπόνοις
426 1295 667 1384 θεραπόντεσσι
686 1300 840 1389 φυλάξαι,
865 1307 943 1386 quod
958 1305 1112 1384 singulare
1129 1304 1258 1380 videtur,

154 1428 245 1488 quum
265 1403 399 1486 κέλομαι
421 1410 453 1468 ε1
475 1403 590 1469 κελεύω
613 1409 723 1487 ubique
745 1427 764 1469 a
785 1409 912 1470 Pindaro
939 1429 1006 1471 oum
1030 1409 1200 1470 accusativo
1222 1411 1259 1469 et

153 1511 299 1573 infinitivo
322 1514 493 1572 eonslruola
516 1512 588 1586 sint;
612 1507 753 1575 ἐπαινέω
774 1514 861 1592 frgm.
878 1517 956 1588 173,
980 1519 1013 1576 3:
1035 1513 1082 1596 τῷ
1102 1505 1259 1597 παρεόντι

154 1607 348 1698 έπανήσαις,
370 1617 421 1676 ubi
445 1617 473 1676 ei
493 1617 587 1676 uerbo
610 1617 793 1678 assentiendi
816 1618 896 1678 notio
917 1619 1011 1691 ineam
1033 1609 1164 1696 εἰίχομαι
1184 1637 1213 1697 p.
1229 1620 1258 1690 8,

156 1721 216 1781 68?
239 1721 273 1782 of.
292 1721 318 1799 ἓ.
336 1725 370 1796 6,
394 1725 422 1782 3.
466 1720 668 1782 Accusativns
690 1725 721 1782 et
737 1721 904 1784 infinitivus
926 1722 1102 1803 conjunctus
1120 1725 1169 1782 est
1190 1739 1257 1780 enm

153 1843 188 1885 eo
211 1827 303 1886 verbo
326 1845 353 1905 p.
377 1830 413 1902 5,
439 1830 501 1887 116
526 1828 631 1904 (124),
654 1827 731 1887 alibi

238 1929 290 1990 Ex
311 1931 348 1990 iis
372 1933 531 2011 praeterea
552 1931 668 2007 verbis,
690 1949 767 2010 quae
789 1949 965 1992 coneursum
988 1931 1117 2010 aliquem
1136 1928 1186 1991 vel
1205 1948 1256 1988 ne

152 2034 365 2095 erassitudinem
386 2036 536 2114 quandam
562 2055 665 2096 rerum
686 2034 871 2115 significant,
899 2035 1091 2096 memoranda
1114 2035 1257 2095 videnlur

153 2156 223 2197 eum
244 2138 345 2198 dativo
368 2141 538 2220 oonjuneta:
568 2133 754 2224 μάρνασθαι
775 2141 863 2218 srgm.
882 2142 937 2214 24,
961 2146 977 2200 1
1002 2142 1081 2217 (oum
1104 2158 1205 2220 praep.
1224 2133 1257 2199 έν
1382 2148 1385 2157 '

153 2261 181 2320 p.
199 2245 235 2318 2,
256 2242 318 2317 65).
350 2237 480 2306 παλαίιο
500 2265 528 2325 p.
546 2250 582 2321 9,
605 2248 653 2305 27.
679 2264 707 2304 n.
724 2243 763 2320 8,
784 2247 835 2304 27.
867 2236 1082 2326 πρυςπαλαίω
1096 2263 1124 2323 p.
1140 2245 1168 2321 4,
1186 2245 1257 2303 290.

154 2337 247 2424 έρίζω
269 2365 296 2407 n
317 2349 351 2424 8,
376 2351 424 2408 22.
466 2342 651 2433 ἐρείδεσθαι
672 2341 839 2428 ναυαγίαις
860 2349 878 2408 i.
902 2353 934 2424 l,
960 2352 1008 2409 36.
1046 2339 1164 2409 ἅντιάω
1186 2347 1205 2410 i.
1228 2349 1257 2421 5,

153 2452 202 2510 15.
224 2442 407 2529 ὑπαντιάζει
428 2473 456 2533 p.
477 2457 496 2514 8
504 2501 512 2531 ,
533 2459 570 2514 11
602 2456 681 2531 (eum
701 2472 760 2514 eoo.
782 2473 810 2533 p.
828 2454 864 2528 5,
887 2455 949 2532 41).
980 2439 1085 2536 άρήγω
1102 2473 1130 2512 n.
1147 2457 1182 2528 1,
1206 2455 1256 2513 49.

153 2551 225 2629 (Sed
243 2549 411 2636 μερίμναις
432 2558 468 2620 ol.
487 2565 522 2634 1,
545 2562 624 2635 106,
645 2578 713 2620 oum
734 2557 791 2639 adj.
813 2550 994 2641 ἐπίτροπος
1015 2557 1256 2636 conjungendum

152 2657 287 2735 videtur,
308 2680 369 2721 non
390 2681 459 2723 oum
480 2664 573 2723 uerbo
596 2658 750 2748 μήδεται).

237 2763 341 2824 Verba
363 2765 549 2827 dominandi:
573 2758 733 2846 βασιλεύω
747 2785 775 2846 p.
793 2770 848 2841 10,
870 2769 897 2827 3.
918 2756 1091 2827 ὑπακούειν
1111 2767 1147 2826 ol.
1161 2769 1190 2841 3,
1206 2767 1255 2825 24.

152 2853 292 2928 άπιθεῖν
314 2887 342 2947 p.
361 2870 397 2944 4,
421 2873 478 2942 36;
503 2870 557 2928 sed
577 2891 604 2950 p.
623 2874 656 2948 3,
682 2873 723 2930 70
744 2861 982 2952 Συρακόσσαισι
1002 2864 1088 2949 νέμει
1107 2865 1257 2950 βασιλεὺς

152 2972 183 3031 et
215 2971 248 3030 in
278 2971 383 3031 eodem
415 2974 545 3033 carmine
574 2995 602 3035 v.
628 2975 648 3032 4
680 2965 788 3055 άρχειν
817 2964 975 3052 βάσσαισι
1001 2967 1128 3036 Παλίου
1162 2974 1257 3034 dativi

150 3075 249 3136 looum
268 3075 401 3137 indicare
422 3076 570 3138 videnlur:
596 3113 637 3122 -
666 3070 804 3159 άγέομαι
824 3097 893 3139 oum
915 3079 973 3140 dat.
996 3098 1158 3160 personae,
1187 3098 1256 3158 gen.

153 3181 197 3240 rei
219 3201 248 3262 p.
267 3185 301 3256 4,
325 3183 395 3242 248.

238 3284 301 3346 Res
332 3287 370 3347 ad
398 3286 528 3365 aliquam
549 3289 672 3366 parbem
700 3305 845 3348 conversa
872 3288 938 3348 siue
966 3287 1107 3349 inclinata
1129 3307 1184 3369 per
1205 3288 1256 3348 da-

151 3389 247 3450 tivum
269 3390 390 3452 additur
412 3392 503 3452 verbo
526 3384 696 3453 κλίνεσθαι
718 3411 746 3452 m
766 3395 802 3470 4,
827 3394 884 3452 15:
907 3389 989 3474 τῷδε
1010 3388 1099 3473 μέλει
1122 3385 1257 3466 κλιθείς.

153 3493 189 3554 ol.
209 3497 243 3567 1,
267 3498 306 3554 92
327 3487 466 3579 Ἀλφεοῦ
493 3488 587 3579 πόρῳ
614 3494 767 3558 κλιθεῖσα
794 3495 932 3580 wacena
962 3498 1001 3560 ud
1021 3497 1191 3580 Alpheum,
1226 3500 1258 3557 et

153 3597 312 3658 similibus:
341 3620 370 3680 p.
393 3604 446 3678 10,
476 3604 515 3661 51
546 3591 687 3681 όίγκυραν
715 3591 839 3683 ἔρεισον
861 3595 970 3679 χθονί.
1007 3602 1082 3678 io,
1105 3604 1144 3661 41
1178 3592 1256 3662 άνα-

153 3694 257 3776 τείνας
287 3698 409 3785 οὐρανῷ
436 3703 545 3788 χεῖρας
576 3703 623 3782 (of.
643 3701 679 3764 ΙΙ.
699 3703 732 3764 Λ
759 3707 837 3767 5231
862 3706 948 3787 χεῖρε
978 3699 1087 3791 φίλοις
1114 3697 1257 3790 ἑτάροισι

155 3797 347 3883 πετάσσας);
377 3810 425 3883 el,
455 3809 534 3889 quod
552 3809 616 3888 jam
638 3808 675 3869 ad
698 3809 835 3870 dativum
856 3810 913 3871 looi
934 3830 1029 3891 paene
1051 3811 1188 3890 altingit,
1204 3811 1257 3882 hol.

157 3911 191 3983 6,
213 3911 253 3970 56
273 3905 402 3995 Ἀλφεῷ
425 3907 568 3992 καταβὰς
589 3906 700 3994 μέσσῳ
723 3907 773 3997 (ef.
797 3934 812 3975 ε
836 3917 898 3976 374
921 3908 974 3978 ἁλὶ
995 3906 1170 3997 κάππεσε).

243 4017 269 4075 7.
307 4015 631 4095 Oonjunetionem
658 4017 787 4097 denique
815 4039 917 4080 rerum
944 4020 1120 4100 saepissime
1147 4020 1258 4082 indioal

154 4118 273 4179 dativus
296 4121 375 4200 apud
398 4119 572 4198 Pindarum,
604 4122 779 4202 conjunctus
803 4126 924 4185 eleum
943 4125 1044 4186 verbis
1068 4128 1099 4186 et
1119 4146 1186 4187 oum
1205 4127 1257 4186 ad-

149 4222 270 4304 jectiuis
293 4227 324 4284 et
343 4243 410 4285 eum
428 4226 586 4288 adverbiis.
602 4263 646 4272 -
666 4226 817 4308 imprimis
839 4230 1032 4291 memoranda
1047 4235 1117 4290 sunt
1138 4231 1257 4290 verba

153 4329 358 4408 tangendi,
380 4349 457 4410 quae
474 4349 493 4392 a
508 4330 636 4394 Pindaro
650 4352 710 4394 non
725 4333 822 4394 solum
836 4353 904 4396 oum
918 4336 1075 4414 genetivo,
1098 4333 1152 4395 sed
1167 4333 1258 4394 eliam
