3066 4928
1248 261 1289 318 63

171 439 350 508 κτίσσειεν.
388 447 447 525 (De
473 448 643 508 accusativo
672 453 703 508 et
729 446 892 521 infinitivo,
925 465 1001 528 quae
1027 448 1180 508 structura
1203 445 1292 506 simili

170 551 267 611 modo
289 553 355 611 orta
378 571 446 612 esse
467 551 540 611 mihi
561 551 697 628 videtur,
721 551 792 611 vide
815 552 839 631 ξ.
863 555 921 626 12,
945 552 986 626 6.)

267 657 294 730 ο)
326 654 484 715 Interdum
507 655 608 714 verbis
639 654 756 716 dicendi
776 656 827 715 vel
849 653 998 715 sentiendi
1026 654 1145 715 additus
1174 655 1223 714 est
1244 671 1291 713 ac-

172 756 334 819 cusativus
358 759 483 838 objecti,
512 759 550 820 ad
572 778 661 838 quem
686 758 882 840 appositionis
909 759 940 818 in
961 756 1082 818 modum
1106 776 1139 816 se
1162 757 1293 837 applicat

171 861 224 936 id,
248 863 327 942 quod
344 863 550 942 praedicatur:
574 883 602 922 n.
618 867 653 938 3,
674 866 714 924 62
738 856 907 943 λεγόμενον
925 861 1021 922 τοῖσι)
1043 852 1118 937 ἐμω·
1142 853 1293 944 Χείρωνα

171 955 283 1048 τράφε
300 967 347 1046 sq.
391 967 428 1028 ol.
452 971 506 1043 11,
538 968 578 1028 55
607 959 644 1026 τὸ
675 960 711 1027 δέ
739 958 882 1048 σαφανὲς
911 959 1128 1047 κατέφρασεν,
1159 957 1230 1025 ὅντα
1248 999 1292 1010 -

173 1059 286 1130 ἔθυεν.
307 1090 336 1150 p.
359 1073 396 1144 3,
419 1073 460 1130 60
483 1063 595 1150 γνόντα
617 1063 655 1130 τὸ
678 1063 747 1155 πάρ
767 1062 887 1144 ποδὸς,
912 1055 984 1141 οἷος
1005 1059 1093 1145 εἶμέν
1116 1058 1220 1143 αἴσας.

266 1171 412 1233 infinitivi
440 1173 483 1234 ita
505 1173 633 1234 nominis
664 1173 729 1234 sive
754 1172 938 1253 pronominis
961 1171 1133 1233 accusativo
1162 1172 1293 1252 appositi

177 1276 320 1355 exempla
340 1276 410 1336 vide
433 1276 458 1354 ξ,
481 1281 537 1352 12,
558 1281 594 1352 4,
616 1276 644 1336 b.

268 1377 301 1461 d)
323 1378 504 1439 Eruditioris
527 1399 599 1441 vero
621 1379 742 1440 videtur
767 1377 910 1440 orationis
933 1397 1018 1453 esse,
1041 1377 1222 1438 sententiam
1246 1399 1291 1438 se-

178 1482 352 1542 cundariam
379 1503 435 1563 per
465 1484 689 1562 conjunctiones
719 1484 852 1564 pendere
887 1482 925 1542 de
953 1482 1047 1542 verbo
1078 1481 1195 1542 dicendi
1227 1482 1292 1544 sive

179 1586 344 1660 sentiendi;
366 1587 453 1666 cujus
476 1587 693 1648 sententiarum
716 1606 849 1647 conexus
871 1585 1107 1666 simplicissimus
1122 1586 1229 1646 modus
1246 1590 1293 1646 est

177 1690 446 1766 indicativus,
483 1711 541 1771 quo
573 1691 723 1751 sententia
752 1691 930 1751 secundaria
963 1691 1143 1770 supponitur
1172 1689 1292 1768 quidem

177 1794 355 1875 primariae,
392 1795 646 1855 constructionem
676 1797 778 1855 tamen
809 1812 894 1854 suam
924 1796 1027 1853 servat
1060 1795 1092 1853 et
1125 1793 1211 1871 quasi
1245 1795 1293 1854 sui

175 1896 254 1975 juris
276 1881 395 1973 manet;
418 1917 455 1958 ca
475 1899 692 1960 sententiarum
711 1897 932 1959 constructione
952 1897 1128 1977 saepissime
1143 1896 1292 1958 Pindarus

177 2001 210 2060 in
234 2000 368 2062 oratione
397 2002 517 2081 obliqua
538 2022 612 2064 usus
635 2005 699 2063 est:
731 2021 799 2062 oum
821 2001 1027 2081 conjunctione
1048 1993 1092 2074 ὡς
1114 2002 1150 2061 ol.
1172 2006 1227 2077 13,
1251 2005 1289 2064 75

178 2104 257 2182 (72).
279 2125 308 2166 n
327 2111 359 2181 1,
380 2108 430 2167 35.
453 2110 534 2182 nb,
557 2110 606 2166 26.
630 2109 680 2166 30.
718 2098 768 2166 ὅτι
792 2105 828 2166 ol.
850 2109 883 2182 1,
905 2108 955 2165 48.
986 2109 1019 2180 2,
1044 2108 1083 2164 63
1106 2105 1184 2182 (57).
1215 2126 1243 2170 n.
1262 2108 1292 2181 4,

179 2211 230 2269 43.
250 2228 279 2268 n.
300 2211 334 2287 5,
359 2213 386 2270 3.

266 2311 368 2373 Etiam
391 2309 495 2374 εἵνεκα
517 2313 560 2375 ita
581 2314 760 2393 usurpatum
783 2315 832 2373 ost
861 2313 880 2374 i.
904 2316 939 2387 7,
961 2316 1001 2374 33
1023 2300 1098 2372 εἶπε
1121 2306 1157 2373 δὲ
1181 2306 1291 2391 Θέμις,

180 2413 299 2478 εἵνεκεν
321 2411 539 2501 πεπρωμένον
560 2406 614 2500 ἦν;
639 2420 670 2477 et
691 2417 722 2476 in
743 2417 848 2476 eodem
869 2415 999 2476 carmine
1023 2410 1137 2477 οὕνεκα
1158 2415 1177 2478 i.
1193 2421 1219 2492 7,
1244 2420 1292 2477 17.

181 2555 221 2563 -
255 2519 484 2581 Memorandum
512 2521 634 2582 videtur
663 2521 754 2582 etiam
781 2514 864 2581 ὥστε
892 2539 959 2580 cum
985 2520 1131 2581 infinitivo
1161 2521 1292 2600 positum

179 2626 250 2704 post
275 2624 403 2684 verbum
438 2623 632 2704 promittendi
668 2645 696 2685 n.
723 2627 758 2701 5,
789 2627 829 2686 35
868 2619 1054 2685 κατένευσέν
1084 2617 1123 2684 τέ
1152 2615 1182 2686 ci
1212 2620 1293 2699 Ζεὺς

180 2716 357 2788 ἀθανάτων
378 2723 545 2806 βασιλεὺς,
576 2719 650 2788 ὥστ’
673 2723 708 2789 έν
728 2721 816 2804 τάχει
842 2763 880 2772 -
903 2721 978 2787 τινὰ
999 2718 1135 2810 πράξειν
1157 2720 1291 2791 άκοιτιν.

268 2829 383 2890 Eodem
406 2831 493 2891 modo
515 2831 697 2892 indicativus
724 2831 842 2910 positus
871 2832 919 2890 est
945 2831 976 2890 in
1005 2831 1292 2909 interrogationibus

181 2932 308 3011 obliquis
338 2936 407 3013 post
433 2934 610 3014 pronomina
639 2937 670 2994 et
692 2933 836 2994 adverbia
867 2933 1100 3011 interrogativa:
1135 2953 1164 2994 n.
1187 2939 1221 3011 3,
1251 2939 1291 2996 25

182 3027 377 3116 ἐξερεύνασε,
410 3031 480 3120 ὅπᾳ
507 3073 552 3082 -
581 3032 750 3116 κατέβαινε
781 3027 897 3098 νόστου
931 3030 1032 3110 τέλος.
1074 3038 1161 3115 frgm.
1188 3042 1245 3114 37,
1273 3043 1292 3100 8
1363 3105 1365 3113 ,

181 3132 356 3217 θαυμάζω,
378 3132 414 3200 τί
434 3161 532 3218 με-
555 3137 703 3216 λεξοῦντι.
734 3160 763 3220 p.
785 3142 819 3216 4,
844 3143 883 3200 63
905 3127 1167 3222 άνακρινόμενον,
1193 3138 1294 3205 ποινὰ

181 3235 233 3315 τίς
255 3234 355 3304 ἔσται.
392 3263 420 3304 n.
443 3248 476 3320 1,
504 3249 541 3305 61
573 3236 591 3306 ὁ
614 3238 651 3305 δέ
673 3235 704 3304 oi
727 3237 841 3326 φράζε,
868 3236 983 3317 ντοίαις
1005 3234 1152 3327 ὁμιλήσει
1174 3235 1292 3323 τύχαις.

268 3347 319 3407 Ex
342 3347 461 3429 obliqua
483 3348 617 3410 oratione
638 3349 669 3408 in
688 3350 801 3409 rectam
823 3347 969 3408 transitus
990 3347 1025 3408 fit
1046 3348 1064 3411 i.
1087 3353 1120 3422 7,
1146 3353 1194 3411 36.

270 3447 499 3530 Optativum
536 3453 565 3512 in
595 3452 715 3530 obliqua
749 3452 882 3513 oratione
920 3453 1117 3513 antecedente
1154 3454 1294 3516 historico

183 3553 260 3631 quod
284 3553 387 3614 dieunt
409 3557 545 3635 tempore
568 3555 704 3615 adhibuit
717 3555 879 3615 Pindarus:
905 3558 977 3635 post
991 3555 1227 3634 conjunctionem
1251 3549 1296 3632 ὡς

182 3677 209 3735 p.
227 3660 261 3733 4,
287 3660 313 3716 6.
342 3657 380 3720 ol.
398 3663 432 3733 7,
458 3663 498 3719 42
521 3654 586 3742 (ubi
607 3659 767 3718 mandatur
787 3658 912 3737 aliquid,
935 3659 1038 3719 addita
1059 3659 1206 3739 particula
1227 3654 1296 3740 ἄν),

183 3763 252 3838 post
282 3780 445 3840 pronomen
475 3783 503 3842 p.
529 3767 563 3837 9,
594 3764 655 3821 115
686 3755 830 3823 ἐκέλευσε
859 3758 1019 3843 διακρῖναι
1045 3756 1157 3824 άντινα
1182 3756 1295 3850 σχήσοι

182 3883 241 3936 τις,
280 3863 317 3926 ol.
340 3869 374 3939 6,
398 3867 438 3926 49
468 3856 571 3948 εἴρετο
602 3861 722 3941 παῖδα,
753 3859 811 3926 τὸν
833 3857 962 3927 Εέαδνα
983 3860 1082 3928 τέκοι.
1120 3887 1149 3948 p.
1169 3874 1205 3945 9,
1234 3875 1296 3933 119

184 3954 277 4026 εἶπεν
299 3955 496 4047 άνάγεσθαι,
521 3959 559 4043 ὃς
581 3961 619 4030 dv
643 3966 774 4051 πρῶτος
795 3958 1006 4045 -’·ψαάσειε.

272 4066 560 4149 conjunctivus
584 4075 724 4132 servatus
748 4073 796 4131 est
817 4071 849 4131 in
864 4070 983 4150 obliqua
999 4072 1133 4134 oratione
1153 4074 1184 4135 in
1203 4097 1296 4139 enun-

183 4172 308 4233 tiatione
330 4175 487 4255 temporali
510 4176 552 4253 (in
568 4195 628 4255 qua
643 4195 795 4255 nunquam
811 4175 913 4256 posuit
936 4176 1105 4255 optativum
1119 4178 1295 4260 Pindarus):

185 4276 221 4337 ol.
243 4280 300 4355 13,
325 4283 364 4339 77
388 4269 545 4363 κελήσατό
568 4300 632 4357 νιν,
657 4272 791 4340 ὅταν-
816 4267 946 4362 αάεράῃ,
978 4275 1080 4359 θέμεν
1102 4281 1222 4362 βῶμον.
1261 4288 1298 4347 ol.
