3066 4928
257 193 276 250 8

256 378 364 458 poetae
399 379 466 439 erat
498 375 529 436 in
559 377 669 439 mente.
688 375 710 452 1)
756 376 859 447 Quare
891 376 1030 439 facillime
1062 396 1099 440 ea
1132 379 1284 440 structura
1318 397 1387 438 ex-

255 480 390 560 plicatur.
1103 531 1106 540 .

346 588 372 644 7.
410 581 549 642 Dualis
577 601 721 642 numerus
747 583 852 662 paucis
876 585 993 644 tantum
1016 584 1089 646 locis
1110 583 1225 662 legitur
1247 583 1278 644 in
1298 582 1381 644 Pin-

256 687 322 747 dari
345 686 539 760 carminibus;
562 706 629 748 cum
654 687 763 767 plurali
784 687 897 748 mixtus
914 687 967 748 'est
988 706 1016 750 n.
1038 693 1094 764 10,
1117 690 1158 749 64
1179 680 1378 765 (ἐξικέσθαν

256 825 299 834 -
323 782 492 875 ἐμήσαντο)
526 793 557 852 at
587 790 623 851 ol.
646 795 679 865 9,
706 792 764 866 45,
793 791 844 852 ubi
875 791 966 852 etiam
993 792 1142 873 participii
1170 791 1267 852 dualis
1298 809 1377 851 cum

255 893 342 956 verbi
364 895 474 974 plurali
495 896 671 976 conjunctus
694 897 757 956 ast:
789 885 901 978 Πόῤῥα
923 887 1106 958 Δευκαλίων
1136 915 1171 956 τε
1194 894 1374 976 Παρνασοῦ

256 989 436 1076 καταβάντε
465 989 579 1059 ἔθεντο
601 1033 645 1042 -
666 989 867 1082 κτησόσθαν.
912 999 1030 1068 Quibus
1059 999 1132 1061 locis
1162 998 1280 1060 etiamsi
1301 998 1373 1077 plu·

256 1101 327 1162 ralis
356 1121 411 1182 pro
441 1101 523 1161 duali
549 1103 715 1182 usurpatus
746 1105 811 1178 cst,
846 1105 947 1164 tamen
977 1104 1068 1164 nolim
1099 1103 1268 1164 consentire
1299 1121 1374 1162 cum

256 1205 475 1267 Friederichsio
502 1204 705 1279 (Pindarische
726 1204 853 1268 Studien
874 1225 944 1288 pag.
962 1210 1032 1285 10),
1062 1207 1113 1288 qui
1135 1207 1226 1268 ctiam
1248 1207 1374 1267 dualem

254 1309 379 1370 formam
408 1298 558 1388 γαρύετον
589 1309 625 1369 ol.
647 1313 683 1385 2,
713 1313 754 1370 87
791 1311 856 1371 sine
882 1311 943 1372 ullo
973 1311 1144 1373 discrimine
1178 1329 1233 1390 pro
1259 1309 1375 1391 plurali

256 1413 385 1492 positam
410 1431 478 1472 esse
497 1413 650 1474 contendit
664 1413 702 1491 ²),
733 1434 824 1492 quum
849 1416 1006 1496 aptissima
1026 1415 1097 1476 mihi
1119 1415 1260 1476 videatur
1285 1415 1374 1474 scho-

254 1517 362 1578 liastae
392 1516 569 1596 explicatio,
599 1517 650 1598 qui
674 1519 711 1578 ad
734 1519 810 1578 duos
837 1520 1026 1581 adversarios
1056 1540 1092 1581 co
1118 1521 1182 1582 loco
1206 1518 1372 1580 Pindarum

255 1620 395 1682 allusisse
418 1622 581 1682 annotavit.

768 1846 793 1924 a.
818 1849 846 1906 3.

436 2001 498 2082 De
527 1999 773 2082 nominativi
804 2006 847 2082 ct
875 2001 1054 2083 vocativi
1084 2026 1173 2082 usu.

345 2225 371 2280 1.
406 2219 564 2281 Interdum
585 2220 789 2280 nominativus
810 2239 878 2280 curn
901 2219 932 2278 vi
953 2219 1143 2299 antepositus
1168 2223 1230 2296 est,
1259 2224 1294 2280 ut
1316 2220 1367 2278 de-

254 2325 355 2403 signet
376 2343 425 2383 res
447 2325 500 2385 aut
522 2342 667 2403 personas
683 2323 721 2382 de
738 2324 846 2403 quibus
870 2341 959 2401 quam
983 2322 1113 2383 maxime
1136 2323 1245 2402 agitur,
1268 2342 1367 2401 neque

254 2447 326 2487 vero
348 2428 505 2506 sequentia
527 2427 555 2487 ei
577 2426 792 2488 constructioni
818 2426 1015 2506 adaptantur:
1048 2426 1083 2487 ol
1107 2430 1143 2502 8,
1166 2431 1206 2488 37
1236 2421 1368 2506 γλαυκοὶ

253 2526 290 2594 δὲ
319 2525 551 2614 δράκοντες
586 2521 709 2613 πόρνον
743 2523 944 2608 ἒςαλλόμενοι
974 2529 1061 2613 τρεῖς
1088 2567 1131 2574 -
1163 2523 1194 2591 oi
1221 2524 1279 2590 δύο
1306 2524 1365 2609 μὲν

253 2628 394 2696 κάπετον
410 2661 467 2712 -,·
490 2622 538 2708 εἷς
556 2630 584 2696 d’
603 2624 780 2716 ἀνόρουσεν.
813 2653 840 2713 p.
857 2639 884 2710 1,
909 2636 971 2694 148
994 2631 1079 2718 μῆλα
1100 2628 1158 2718 γάρ
1180 2653 1232 2695 τοι
1247 2627 1308 2713 ἐγώ
1325 2663 1364 2677 ·-

253 2729 384 2822 ἐφίημι·
417 2726 499 2800 dtld
530 2733 584 2800 καὶ
614 2740 801 2799 σκᾶιττον
824 2728 981 2819 μόναρχον
1011 2731 1065 2798 καὶ
1088 2727 1245 2817 θρόνος
1264 2771 1301 2778 —
1325 2728 1364 2795 τὰ

242 2862 310 2920 Ιμεν
333 2839 426 2902 λῦσον
451 2835 559 2922 ἄμμιν.

341 2943 516 3025 Comparari
536 2947 637 3025 potest
659 2965 685 3004 n.
703 2950 736 3020 2,
758 2948 797 3004 17
819 2937 923 3006 ὅσσα
944 2937 972 3006 d'
989 2933 1069 3029 ἄμφ’
1091 2932 1228 3018 ἀέθλοις
1245 2979 1284 2986 -·
1311 2944 1364 3002 Τι-

252 3041 429 3131 μοδημίδαι
452 3043 642 3126 ἐξοχώτατοι
665 3041 831 3110 κέλονται.

338 3151 440 3213 Etiam
464 3152 515 3212 alii
537 3152 620 3214 casui
648 3151 742 3212 libere
769 3154 886 3212 mutata
913 3155 1065 3214 structura
1094 3152 1253 3234 apponitur
1275 3150 1363 3211 nomi-

252 3257 374 3318 nativus
403 3276 431 3316 n.
455 3260 489 3330 6,
520 3261 558 3318 32
589 3248 808 3316 Βασσίδαισιν
834 3247 881 3315 ἅτ’
905 3248 941 3315 οὐ
964 3249 1128 3333 σπανίζει·
1158 3248 1365 3340 παλαίφατος

324 3457 348 3522 1)
368 3457 464 3506 Eadem
483 3460 522 3506 cst
540 3457 664 3506 sententia
682 3456 808 3507 Grummii
829 3456 856 3504 in
877 3459 1065 3520 programmate
1084 3456 1277 3506 Bielefeldensi:
1304 3456 1362 3520 „Dc

252 3544 402 3595 lectionibus
421 3542 564 3594 Pindaricis
582 3558 663 3608 nuper
682 3560 697 3594 a
713 3542 882 3594 Mommsenio
902 3542 1035 3605 prolatis.“
1073 3547 1148 3592 1866.
1182 3543 1318 3592 Praeterea
1336 3541 1362 3590 dc

252 3632 309 3681 loco
332 3631 350 3684 i,
371 3636 400 3693 4,
429 3635 461 3680 65
486 3627 558 3694 (51),
584 3628 629 3677 ubi
658 3629 687 3678 de
711 3629 797 3679 eadem
822 3631 949 3677 structura
974 3627 1070 3690 cogitat
1094 3627 1277 3691 Mommsenus‚
1310 3627 1362 3676 vide

255 3719 276 3782 l.
295 3723 342 3777 14,
363 3721 392 3778 4,
413 3715 435 3764 d.
1101 3716 1105 3725 '

323 3802 348 3867 2)
367 3801 453 3850 Etiam
465 3800 609 3852 Homericis
628 3799 781 3850 carminibus
801 3816 851 3849 non
871 3799 986 3848 concedit
1001 3815 1056 3850 aum
1068 3814 1141 3848 usum
1153 3799 1266 3864 Ellendt,
1284 3800 1361 3850 Ueber

255 3889 303 3938 den
315 3887 427 3937 Einfluss
447 3886 490 3936 des
502 3887 625 3937 Metrums
642 3886 687 3935 auf
696 3885 880 3948 Wortbildung
896 3885 946 3934 und
962 3884 1195 3949 Wortverbindung
1207 3884 1249 3934 bei
1260 3885 1360 3939 Homer.

254 3975 442 4038 Regim1861.
469 3990 528 4038 pag,
548 3980 577 4024 9:
605 3973 657 4022 Der
673 3972 784 4022 Pluralis
803 3972 852 4038 (wo
874 3971 917 4020 das
934 3971 1045 4021 Metrum
1062 3988 1087 4022 es
1108 3972 1216 4038 erlaubt)
1243 3974 1310 4023 steht
1325 3973 1360 4022 fiir

254 4060 302 4109 den
318 4059 422 4120 Dualis,
443 4059 515 4109 nicht
534 4059 595 4108 aber
613 4058 657 4107 der
674 4057 764 4108 Dualis
784 4057 824 4106 fiir
840 4057 889 4106 den
907 4057 1027 4110 Pluralis.
1062 4059 1111 4109 Dic
1129 4058 1244 4122 wenigcn
1263 4059 1360 4120 Stellas,

255 4147 351 4197 welche
371 4147 486 4210 dagcgcu
504 4146 633 4210 sprcchen,
653 4143 710 4194 sind
721 4143 811 4193 anders
828 4159 860 4192 aa
878 4143 992 4196 crkl'a'ran
1011 4143 1071 4194 oder
1085 4145 1265 4210 ungeschickte
1279 4145 1358 4194 Nach-

255 4233 401 4297 bildungcn.
