3066 4928
259 215 299 272 16

255 399 424 490 παρθένον
438 398 648 486 σύνευνον;
671 410 780 492 quibus
795 411 887 474 etiam
903 414 1029 478 clariora
1047 419 1119 479 sunt
1135 417 1196 480 alia
1212 417 1378 500 exempla:

256 530 287 570 n.
310 515 345 586 1,
371 515 413 573 43
442 503 596 596 δ’ρθιον
626 507 765 578 ι’ίνιεινεν
794 508 884 601 κάρα.
930 521 965 582 ol.
991 527 1048 597 13,
1079 525 1120 584 83
1150 517 1255 585 τέλλει
1286 523 1394 585 θεῶν

257 609 467 695 δύναμιςκαὶ
490 611 548 678 τὰν
569 608 644 702 πὰρ’
661 613 781 682 ἐλπίδα
803 612 960 705 κούφαν
983 618 1089 688 κτίσιν
1111 657 1145 675 =
1165 629 1210 688 aa
1231 631 1266 689 at
1276 627 1390 706 facil-

257 720 333 780 limo
350 723 405 795 ait3
427 721 513 800 frgm.
533 726 596 782 247
622 719 705 798 θεὸς
720 759 763 769 -
783 721 984 803 μέλαιναν
1002 722 1136 813 καρδίαν
1156 725 1387 814 ἐστυφέλιξεν.

259 843 286 883 n.
308 827 347 899 4,
369 827 389 884 4
410 821 612 904 μαλθακὰ
636 827 712 907 γαῖα
730 823 843 910 τέγγει.

346 933 374 990 8.
408 928 583 991 Accusativi
605 927 879 993 extensionem
901 934 981 996 loci
1004 935 1090 995 sive
1113 939 1306 1019 temporis
1331 940 1385 999 in-

258 1033 393 1094 dicantes
421 1033 509 1113 pauci
538 1035 683 1113 leguntur
712 1037 794 1116 apud
823 1036 1000 1118 Pindarum,
1028 1043 1177 1102 communi
1205 1045 1275 1104 usui
1304 1063 1383 1104 oon-

258 1138 419 1216 grnentes:
461 1157 489 1198 n.
514 1141 549 1214 7,
573 1141 614 1199 38
645 1130 754 1220 ὀλίγον
780 1135 901 1224 χρόνον.
945 1143 962 1202 i.
986 1146 1022 1220 4,
1045 1149 1086 1206 28
1116 1138 1231 1229 μύριον
1250 1137 1380 1230 χρόνον.

257 1241 276 1302 i.
298 1247 334 1316 3,
358 1245 376 1302 6
401 1235 511 1302 πάντα
530 1231 648 1323 χρόνον.
678 1262 708 1303 n.
730 1248 765 1319 1,
791 1247 830 1306 69
854 1240 909 1308 τὸν
931 1239 1062 1309 ἅπαντα
1081 1240 1203 1332 χρόνον.
1234 1272 1263 1331 p.
1282 1257 1310 1328 1,
1332 1254 1379 1312 57

259 1339 315 1407 τὸν
338 1340 563 1428 προςέρποντα
583 1339 703 1429 χρόνον.
727 1347 762 1408 oL
780 1352 835 1424 13,
858 1353 898 1410 26
920 1342 1035 1434 χρόνον
1053 1347 1191 1416 ἅπαντα.
1214 1355 1293 1431 ο].1,
1311 1358 1379 1416 115

259 1447 372 1511 τοῦτον
392 1439 506 1531 χρόνον
528 1449 594 1531 (φιν
612 1452 691 1512 vitoe
712 1453 849 1534 tempus).

347 1552 510 1614 Praeterea
541 1552 600 1614 tria
626 1555 745 1615 tantum
766 1559 884 1617 restant
911 1557 1066 1637 exempla:
1103 1560 1138 1620 ol.
1163 1564 1219 1636 13,
1244 1565 1284 1621 76
1308 1563 1380 1639 (73)

261 1651 358 1718 νύκτα
381 1646 567 1732 κοιτάξατο.
604 1677 632 1738 p.
655 1661 691 1734 4,
715 1661 756 1719 26
783 1654 908 1721 δώδεκα
930 1653 1058 1744 ἁμέρας.
1095 1683 1123 1743 p.
1145 1666 1181 1739 4,
1208 1668 1271 1726 228
1304 1655 1379 1748 ὀρό-

260 1779 350 1841 γυιαν
373 1753 459 1836 σχίζε
478 1762 580 1822 νῶτον
601 1762 668 1841 γᾶς.

350 1868 378 1926 9.
413 1863 557 1924 Verbis
586 1866 772 1927 movendi
802 1885 894 1947 saepe
925 1887 980 1948 per
1000 1869 1206 1931 accusativum
1231 1873 1379 1952 tanquam

261 1969 411 2048 objectum
433 1967 554 2028 additur
577 1970 609 2028 et
632 1987 762 2048 persona
784 1971 823 2030 ad
845 1989 951 2049 quam,
979 1975 1010 2034 et
1032 1973 1115 2034 locus
1142 1974 1173 2034 in
1194 1994 1283 2053 quem
1304 1975 1377 2036 diri-

261 2073 344 2153 gitur
364 2073 483 2145 motns;
514 2071 614 2151 qualia
636 2073 741 2134 notavi
763 2075 843 2155 apud
861 2074 1037 2137 Pindarum:
1066 2073 1162 2156 ῖκειν,
1192 2072 1374 2157 ἐξικέσθαι,

262 2169 464 2261 ἀφίξεσθαι,
495 2168 606 2238 ἐλθεῖν
632 2169 759 2254 (οἰχνεῖν
778 2198 806 2258 p.
830 2181 866 2255 5,
890 2181 980 2254 80?)‚
1008 2177 1131 2259 μολεῖν,
1158 2179 1254 2264 βῆναι
1275 2183 1324 2260 (ol.
1346 2187 1376 2258 2,

264 2282 334 2358 95),
371 2280 565 2363 καταβῆναι,
604 2273 833 2365 έγκαταβῆναι,
875 2274 1066 2361 νίσσεσθαι,
1109 2276 1373 2363 μετανίσσεσθαι,

263 2379 476 2466 προςέρπειν,
492 2380 738 2466 καταδραμεῖν,
770 2377 913 2461 ἐπιέναι,
943 2377 1103 2466 ἐπείγειν,
1134 2389 1274 2469 exempla
1303 2409 1375 2450 enu-

262 2505 379 2550 merare
401 2487 527 2565 longum
548 2486 677 2554 videtin.
721 2485 876 2550 Audacius
899 2509 972 2550 vero
995 2492 1077 2550 esset
1099 2511 1127 2571 p.
1148 2493 1186 2566 5,
1213 2496 1252 2552 71
1276 2486 1375 2575 μοῖροί

262 2611 313 2665 τις
337 2583 411 2672 δίγεν
440 2585 626 2652 πολύθυτον
658 2583 786 2674 ἔρανον,
822 2611 915 2671 qnare
947 2593 1044 2655 scribo
1077 2613 1145 2656 cum
1170 2594 1375 2657 Mommsenoz

263 2682 311 2775 ἄγ’
334 2688 374 2755 ἕν.

779 2935 803 3014 ς.
826 2939 855 2996 5.

622 3090 683 3171 De
712 3091 895 3195 genetivi
924 3115 1013 3172 usu.

349 3307 491 3371 Genetivi
524 3305 635 3370 Graeci
676 3327 751 3369 usus
791 3308 933 3370 solemnis
970 3309 997 3368 is
1029 3309 1090 3381 est,
1136 3311 1171 3368 nt
1211 3311 1370 3390 conjungat

259 3413 380 3476 nomina
420 3413 609 3474 substantiva
647 3432 715 3472 oum
751 3412 921 3473 nominibus
941 3408 988 3487 ¹);
1034 3411 1113 3490 quod
1154 3413 1237 3475 vario
1275 3416 1368 3492 modo,

330 3656 354 3721 1)
381 3651 502 3706 Concedit
517 3653 566 3702 hoc
583 3653 660 3703 etiam
677 3652 716 3712 is,
744 3652 789 3716 qui
807 3666 892 3703 omnes
911 3665 985 3701 casus
1003 3667 1059 3701 oum
1078 3651 1163 3702 verbis
1184 3653 1294 3716 primum
1312 3671 1366 3706 oon-

254 3740 356 3807 jnnotos
375 3755 429 3790 esse
449 3738 586 3801 contendit,
605 3739 735 3802 Ebinger,
755 3737 785 3787 de
801 3739 914 3802 genetivi
931 3737 1000 3801 apud
1015 3738 1125 3788 Graecos
1143 3744 1231 3803 poetes
1250 3742 1366 3806 antiquis-

258 3827 336 3876 simos
360 3841 421 3890 usu,
450 3825 551 3888 Regim.
575 3830 657 3886 1862,
689 3840 764 3889 quum
791 3824 859 3873 dicat
880 3825 908 3873 iu
927 3823 975 3874 fine
1000 3825 1170 3888 quaestionis:
1195 3827 1366 3888 „substantivi

257 3912 377 3976 proprius
402 3915 440 3961 est
460 3926 532 3961 casus
557 3912 703 3975 genetivus,
732 3910 851 3974 quoniam
870 3909 1054 3960 substantivum
1077 3914 1169 3960 statum
1186 3912 1366 3975 immanentem,

257 4013 309 4047 non
329 3997 455 4048 actionem
480 3997 633 4047 accidentem
659 3995 794 4057 describit,
820 3999 895 4060 atque
915 3995 1048 4058 genetivus
1067 4012 1121 4046 rem
1138 3997 1277 4061 significat,
1304 4000 1364 4049 intre

256 4099 331 4148 quam
355 4084 398 4133 hic
418 4086 498 4133 status
516 4083 655 4133 immanens
674 4081 832 4146 cogitatur.“
868 4080 918 4131 Sed
942 4081 1008 4131 hunc
1033 4083 1235 4146 vulgatissimum
1259 4084 1363 4149 genetivi

254 4183 329 4219 usum
345 4185 397 4220 non
415 4169 574 4234 primitivum
593 4183 646 4219 esse
664 4171 763 4229 censet,
786 4167 829 4216 sed
848 4171 932 4217 ortum
950 4183 980 4217 ex
1002 4168 1179 4234 conjunctione
1200 4186 1256 4220 cum
1277 4171 1363 4234 verbis,

253 4256 291 4306 ita
308 4260 336 4306 ut
355 4256 428 4321 prius
455 4255 549 4305 dictum
575 4257 609 4305 sit
635 4255 685 4321 (vel
709 4254 840 4304 antecedat
864 4253 952 4305 saltem
977 4254 1005 4304 in
1029 4255 1211 4324 cogitatione):
1234 4259 1308 4320 filius
1330 4265 1361 4307 ιιι
