3066 4928
1261 221 1300 280 93

280 410 309 468 4.
356 405 432 468 Cum
454 426 508 482 ee,
536 427 612 489 quae
640 408 671 468 in
702 407 950 469 antecedentibus
980 406 1121 487 exposui,
1148 405 1179 466 in
1208 406 1298 466 rebus

191 511 350 572 narrandis
377 513 531 587 ubertate,
559 511 708 573 brevitate
735 512 766 571 in
789 511 843 587 iis,
874 530 950 591 quae
981 512 1019 571 ad
1041 529 1142 571 rerum
1162 510 1241 570 inter
1265 529 1298 569 se

181 634 326 676 ¹conexus
349 634 385 677 cc
404 615 566 677 relationes
589 615 774 695 pertineant,
797 617 944 693 cognatus
968 614 1039 674 mihi
1053 614 1175 674 videtur
1198 613 1299 673 vivi-

192 719 265 779 dus
288 719 447 798 quidam
470 722 507 779 et
530 721 641 798 quasi
665 718 1131 780 concretusPindaricae
1154 717 1300 777 dictio-

192 824 253 882 nis
274 825 404 898 tenor,
427 843 485 901 quo
507 823 619 884 factum
643 825 705 898 est,
726 825 761 883 nt
783 823 881 883 omnia
904 821 990 902 quasi
1011 821 1143 882 animata
1164 823 1197 881 et
1210 822 1300 899 plena

191 926 311 986 videret
334 945 546 1006 personarum,
574 946 735 1006 omnesque
764 925 927 986 relationes
950 927 988 985 ad
1016 945 1161 985 sensuum
1181 924 1300 1004 potissi·

193 1050 274 1092 mum
296 1031 518 1110 perceptionem
541 1031 683 1104 referret;
708 1031 788 1110 quod
810 1049 849 1090 ex
871 1028 973 1089 multis
994 1029 1147 1109 rurisque
1169 1030 1266 1089 suuct
1289 1061 1300 1070 -

192 1135 235 1194 ris
254 1141 387 1214 apparet.

280 1256 309 1332 a)
333 1253 382 1315 Ita
404 1273 512 1314 sensus
534 1254 749 1315 vocabulorum
767 1255 924 1334 praevalet
943 1270 1017 1333 prae
1039 1252 1135 1313 forma
1150 1271 1299 1330 gramma-

194 1359 266 1434 tica,
299 1361 335 1419 ut
353 1379 380 1439 p.
404 1361 433 1434 4,
465 1360 528 1418 250
548 1349 699 1442 Μήδειαν
727 1354 783 1418 τ“ν
807 1350 933 1419 Πελίαο
962 1347 1076 1440 φόνον,
1111 1360 1142 1417 et
1172 1357 1203 1416 in
1233 1357 1298 1418 aliis

194 1462 341 1542 exemplis
362 1479 422 1522 non
446 1463 549 1541 paucis
569 1461 668 1522 allatis
692 1462 717 1540 §-
743 1466 759 1521 1
785 1463 816 1521 et
839 1465 866 1521 2.

281 1598 312 1675 b)
342 1597 406 1658 Res
441 1599 587 1659 inanimes
616 1617 712 1679 aeque
741 1616 777 1659 ac
805 1616 953 1679 personae
976 1597 1117 1678 epithetis
1140 1599 1299 1659 ornantur:

194 1703 230 1762 ol.
254 1705 283 1776 1,
307 1708 322 1762 1
352 1692 498 1785 μεμάνιορ
525 1699 673 1776 πλοῦτος.
713 1723 741 1782 p.
761 1703 797 1778 5,
812 1708 841 1762 Ι1
873 1694 891 1764 ὁ
922 1699 1065 1775 πλοῦτος
1095 1693 1298 1785 εὐρυσθενής.

192 1805 210 1864 i.
231 1807 266 1881 4,
290 1809 308 1866 2
340 1805 526 1889 μεγασθενῆ
554 1798 677 1888 χρυσόν.
715 1807 802 1885 frgm.
826 1808 889 1867 243
917 1800 1001 1880 Διὸς
1031 1804 1112 1880 παῖς
1141 1798 1159 1866 ὃ
1184 1795 1301 1887 χρυσός

192 1906 241 1993 (cf.
264 1911 288 1989 ξ.
314 1914 343 1986 8,
366 1915 394 1971 3.
420 1912 456 1984 c).
493 1930 522 1990 p.
545 1913 595 1985 10,
619 1914 658 1971 18
682 1899 809 1993 άγάνοιρ
828 1908 980 1984 πλοῦτος,
1019 1909 1036 1970 i.
1059 1914 1087 1987 1,
1109 1911 1150 1970 43
1175 1896 1300 1992 άγάνωρ

193 2008 329 2092 κόμπος.
363 2013 399 2074 ol.
418 2017 446 2089 9,
471 2016 509 2074 51
534 2007 653 2088 ὕδατος
674 2007 802 2089 σθένος.
826 2035 854 2095 p.
871 2018 899 2092 2,
917 2018 956 2074 12
981 2015 1037 2076 σθ.
1058 2010 1188 2076 ίντντιον.
1221 2033 1249 2093 p.
1268 2015 1297 2089 5,

89 2175 91 2183 .
194 2119 235 2178 34
260 2111 381 2182 ἐντέων.
418 2119 505 2197 frgm.
528 2120 578 2196 74,
602 2121 620 2178 8
646 2113 764 2191 σθένος
781 2117 919 2202 νιφετοῦ.
959 2116 996 2178 ol.
1017 2119 1054 2192 4,
1079 2121 1097 2178 2
1120 2108 1299 2196 ἀκαμαντό-

192 2218 297 2296 ποδος
325 2221 465 2302 βροντᾶς
495 2223 532 2283 de
558 2221 672 2284 tonitru
697 2223 762 2282 sine
790 2220 1013 2282 intermissione
1047 2221 1150 2281 nubila
1177 2241 1299 2301 pereur-

190 2325 276 2387 renti.
300 2361 344 2370 -
366 2345 395 2384 n.
414 2329 442 2401 9,
459 2330 499 2387 37
523 2321 631 2404 θυμὸς
652 2316 813 2409 αἰχμητής.
836 2344 864 2404 p.
881 2329 932 2400 12,
948 2328 988 2386 26
1011 2317 1144 2397 δόνακες
1165 2317 1298 2386 ναίοισι.

191 2427 227 2488 ol.
254 2431 281 2504 7,
306 2430 347 2487 54
368 2422 468 2511 φαντὶ
492 2419 616 2512 ῥήσιες;
644 2428 744 2508 qualia
775 2429 870 2489 multa
899 2429 1039 2508 exempla
1069 2427 1220 2502 inveniet,
1246 2427 1298 2506 qui

190 2531 377 2609 singulorum
398 2532 612 2594 vocabulorum
633 2531 819 2593 Pindaricam
837 2531 1087 2611 significationem
1109 2531 1208 2592 acrius
1230 2549 1298 2610 per·

190 2634 288 2714 quiret
309 2636 356 2712 (cs.
379 2636 470 2696 etiam
492 2633 697 2698 Godofredum
718 2654 788 2716 pag.
809 2641 858 2696 12.
882 2638 945 2714 13).
966 2670 1007 2679 -

277 2774 306 2850 ο)
341 2770 438 2852 Saepe
468 2773 557 2834 etiam
587 2774 746 2836 abstractis
777 2773 947 2836 notionibus
986 2792 1182 2855 personarum
1216 2774 1299 2835 vices

189 2876 378 2953 tribuuntur,
400 2896 458 2956 quo
482 2878 634 2958 pertinent
655 2879 779 2940 dearum
801 2879 922 2940 nomina
941 2877 1107 2959 permulta,
1135 2877 1167 2937 in
1190 2878 1298 2958 quibus

190 2982 292 3041 utrum
321 2980 359 3040 de
394 2979 451 3040 dea
485 2999 523 3042 an
552 2982 590 3042 de
627 2984 780 3068 abstracta
811 2981 1154 3062 notione'oogitandum
1177 2981 1299 3042 sitnon

190 3084 277 3144 facile
299 3083 380 3144 dicas
400 3085 503 3146 multis
525 3085 614 3161 locis,
641 3105 697 3147 nec
723 3087 789 3168 ipse
818 3086 946 3148 fortasse
978 3087 1091 3148 diceret
1119 3090 1225 3166 poeta,
1250 3087 1298 3146 cui

190 3205 251 3248 una
274 3188 367 3248 vivax
398 3187 484 3268 quasi
513 3187 612 3269 figura
643 3194 709 3252 crat
731 3191 762 3251 in
789 3193 897 3251 mente.
940 3189 991 3251 Ita
1008 3181 1101 3273 χάρις
1123 3189 1299 3269 saepissime

190 3293 368 3373 usurpatur3
397 3293 432 3352 cf.
458 3287 578 3354 Πειθὼ
607 3287 791 3376 φιλοτάτων
818 3315 847 3375 p.
874 3297 906 3372 9,
930 3298 981 3356 39.
1017 3286 1152 3372 Ἀσοχία
1171 3314 1199 3374 p.
1219 3297 1247 3371 8,
1271 3299 1299 3356 1.

191 3398 228 3458 ol.
256 3398 363 3470 4,16.
406 3397 495 3476 frgm.
519 3401 591 3459 228.
632 3387 881 3482 Κόροςο].13,
906 3402 954 3459 10.
988 3391 1079 3480 ίίβρις
1108 3398 1145 3460 ol.
1168 3401 1224 3473 13,
1247 3401 1298 3461 10.

191 3487 380 3583 Εὐφροσύνα
410 3502 582 3577 ο].14,1.
621 3492 766 3581 Εὐνομία
787 3502 824 3565 ol.
845 3507 879 3580 9,
904 3507 952 3563 17.
990 3503 1026 3562 ol.
1051 3505 1108 3576 13,
1130 3505 1157 3562 6.
1200 3495 1299 3580 Δίκα,

192 3595 311 3685 Εἶράνα
339 3603 375 3662 ol.
400 3607 458 3680 13,
477 3609 505 3665 7.
547 3594 635 3681 Τάχα
668 3605 705 3667 ol.
731 3608 771 3665 12
779 3652 788 3681 ,
812 3609 838 3666 7.
872 3607 959 3686 frgm.
982 3609 1031 3667 16.
1055 3640 1098 3649 -
1127 3595 1300 3688 πάρφασις

191 3698 294 3789 ἐχθρά
315 3725 343 3766 n.
366 3703 394 3784 8,
418 3710 467 3768 32.
484 3743 525 3752 —-
548 3699 716 3792 πρόφασις
737 3729 766 3789 p.
788 3711 817 3785 5,
837 3713 888 3772 28.
922 3710 1010 3788 frgm.
1032 3713 1104 3771 252.
1126 3744 1168 3754 -

280 3825 396 3888 Eodem
433 3827 624 3890 referendum
657 3829 793 3907 videtur,
834 3832 913 3910 quod
954 3831 1124 3892 abstractae
1161 3829 1300 3892 notiones

193 3948 283 4010 saepe
304 3951 360 4011 per
381 3932 599 4012 appositionem
625 3934 798 3994 tribuuntur
821 3953 1023 4015 personarum
1053 3933 1237 4010 nominibus,
1266 3937 1302 3996 ut

193 4020 367 4116 ὀφθαλμός
403 4037 439 4098 ol.
464 4041 497 4113 2,
532 4043 581 4099 11.
605 4074 645 4083 -
666 4059 695 4119 p.
720 4042 754 4117 3,
793 4041 854 4098 112
892 4029 1006 4121 φάτις;
1044 4030 1154 4122 γέρας,
1187 4031 1299 4116 ι’ίιοτος,

192 4131 293 4220 φάος,
313 4133 454 4222 μέλημα,
473 4131 598 4224 χάρμα,
621 4133 771 4224 ἐ’ρεισμα,
793 4142 855 4203 alia
873 4143 981 4219 multa,
1003 4141 1083 4202 inter
1097 4161 1174 4222 quae
1189 4161 1299 4203 memo-

190 4242 263 4302 rabo
288 4234 384 4326 ὅρκος
412 4243 585 4324 significans
610 4247 699 4306 deum
721 4245 771 4327 qui
791 4245 880 4307 testis
904 4247 952 4306 est
969 4245 1091 4326 jurandi
1112 4266 1141 4326 p.
1160 4249 1198 4322 4,
1224 4250 1299 4324 167,
