3066 4928
496 953 513 982 3

521 1097 911 1214 Pamrlrlo

250 1581 342 1690 Tria
375 1621 459 1691 mihi
485 1619 632 1690 Pindari
657 1642 759 1690 usum
785 1623 1016 1714 syntecticum
1041 1622 1267 1716 perlustrant

162 1759 266 1830 quam
296 1739 444 1808 maxime
478 1738 687 1808 videbantur
720 1738 926 1832 appetenda.
980 1737 1135 1809 Primum
1170 1740 1270 1825 enim,

162 1857 333 1948 quomodo
355 1849 756 1926 111111310111111111
790 1857 950 1950 syntaxis
977 1857 1168 1949 antiquitus
1195 1862 1271 1926 orta

160 1975 401 2069 paulatimque
437 1975 578 2044 exculta
612 1974 670 2059 sit,
709 1973 845 2043 facilius
883 1974 1076 2044 existimavi
1111 1975 1271 2067 cognosci

159 2113 277 2186 posse,
322 2092 352 2160 si
395 2091 611 2184 singulorum
654 2091 861 2184 scriptorum
894 2091 931 2160 in
962 2091 1201 2161 construendis
1237 2095 1271 2160 et

159 2209 277 2277 verbis
309 2212 343 2277 11
376 2208 553 2277 sententiis
587 2208 798 2277 consuetudo
828 2208 1023 2278 accuratius
1049 2209 1271 2303 perquirere-

160 2330 233 2411 tur,
261 2325 368 2394 etita
395 2325 551 2416 quidem,
578 2329 617 2395 ut
643 2325 745 2394 etiam
770 2345 860 2416 quae
886 2325 1044 2418 vulgaria
1070 2326 1271 2396 viderentur

162 2427 231 2512 111
266 2443 541 2536 negligerentur3
576 2443 669 2534 quod
703 2442 740 2511 11
765 2439 921 2512 Pindaro
937 2464 1043 2536 opus
1077 2464 1153 2512 esse
1185 2441 1270 2511 mihi

159 2559 344 2628 videbatur
378 2561 480 2630 etiam
512 2565 592 2654 post
623 2559 753 2630 editum
778 2536 952 2644 libellum,
989 2580 1093 2650 quem
1127 2559 1269 2652 scripsit

160 2673 394 2748 Godofredus:
419 2676 472 2747 De
499 2677 692 2747 elocutione
710 2674 868 2746 Pindari.
911 2672 1035 2746 Susati.
1065 2675 1180 2766 1862,
1209 2675 1270 2767 qui

159 2793 345 2886 diligenter
369 2794 509 2887 collegit
534 2795 718 2879 nonnulla,
750 2815 842 2884 quae
868 2793 914 2862 ad
940 2798 1098 2862 ornatum
1122 2792 1270 2863 rhetori-

159 2931 237 2979 cum
272 2914 305 2979 et
333 2911 593 2980 adorationem
625 2910 808 3004 figuratam
834 2910 1064 3004 pertinerent,
1102 2910 1269 3005 syntacti-

158 3048 235 3096 cum
261 3049 362 3096 usum
388 3027 591 3097 brevissime
618 3048 732 3119 neque
759 3027 840 3096 satis
868 3027 1035 3121 disposite
1062 3029 1231 3098 tractavit.
1255 3025 1269 3125 )

162 3142 297 3214 Deinde
333 3166 474 3238 operam
504 3144 602 3229 dedi,
642 3149 682 3214 ut
714 3149 917 3238 appareret,
952 3167 1038 3236 quas
1073 3150 1265 3216 structuras

157 3261 320 3355 proprias
338 3261 484 3331 haberet
499 3259 677 3331 Pindarus
704 3265 737 3330 et
764 3261 891 3352 quibus
917 3261 1132 3355 potissimum
1158 3264 1264 3334 rebus

157 3379 193 3447 11
219 3379 383 3448 universa
409 3378 559 3448 dictione
586 3379 630 3448 ab
657 3379 734 3447 aliis
763 3375 936 3466 differret;
964 3399 1034 3469 qua
1061 3379 1105 3448 de
1130 3402 1170 3450 re
1200 3380 1267 3451 dif-

156 3493 314 3564 ficillima
349 3517 439 3586 quae
471 3497 508 3565 in
550 3495 696 3588 singulis
735 3495 842 3564 rebus
883 3495 1098 3589 exponendis
1132 3496 1268 3567 oblatae

157 3617 272 3681 essent
299 3613 573 3699 observationes
602 3636 659 3683 eas
680 3614 805 3706 collegi
829 3613 866 3682 11
883 3613 1004 3683 ultimo
1024 3613 1268 3707 disputationis

158 3729 281 3822 capite.
341 3728 501 3822 Denique
543 3751 634 3822 quae
676 3731 867 3800 carminum
897 3728 1165 3801 Pindaricorum
1202 3755 1270 3802 usu

244 3973 270 4040 1)
300 3973 391 4026 Finita
417 3973 524 4027 demum
550 3971 705 4042 quaestione
723 3971 855 4040 inspicere
873 3971 940 4025 mihi
957 3971 1035 4024 licuit
1052 3971 1269 4027 dissertationem

158 4073 238 4126 quam
257 4057 365 4126 scripsit
382 4058 413 4110 Ε.
425 4059 517 4113 Friese
536 4057 568 4111 de
587 4073 697 4111 casuum
710 4057 841 4124 singulari
858 4057 930 4124 apud
942 4057 1089 4112 Pindarum
1107 4075 1166 4120 usu,
1184 4059 1269 4113 Bero-

156 4143 206 4195 lini
226 4141 307 4206 18111
336 4159 417 4210 quare
446 4144 568 4212 quamvis
593 4143 666 4196 etin
686 4142 801 4210 singulis
820 4142 886 4196 locis
904 4143 1040 4196 nonnullis
1060 4143 1223 4210 explicandis
1241 4146 1269 4198 et

156 4229 185 4281 in
202 4229 260 4280 toto
283 4228 448 4297 quaestionis
467 4229 557 4282 ordine
577 4229 610 4282 ab
630 4245 660 4282 11
680 4228 865 4292 dissentirem,
892 4228 984 4296 paucis
1002 4231 1108 4283 tantum
1126 4229 1192 4283 locis
1210 4231 1268 4298 ejus

157 4313 247 4368 libelli
265 4314 428 4369 mentionem
445 4315 532 4369 facere
551 4315 635 4383 potui.
907 4323 909 4326 ’
