3066 4928
1225 251 1266 313 77

153 431 254 521 εἶναι,
287 461 353 503 cum
382 443 490 522 quibus
515 441 617 502 verbis
644 441 746 502 nescio
774 458 813 500 an
834 440 925 501 etiam
947 439 998 501 alii
1019 439 1208 502 accusativos
1237 443 1269 501 et

152 546 317 608 infinitivos
341 548 383 608 ita
405 547 623 626 conjunxerint.

242 649 444 733 Accusativus
464 650 490 710 is
498 698 506 728 ‚
524 651 574 730 qui
592 650 759 730 subjectum
774 649 853 730 quod
867 650 977 711 dicitur
990 647 1129 710 infinitivi
1149 649 1269 725 indicat,

151 756 306 818 interdum
327 756 488 830 omittitur,
514 756 694 834 praesertim
714 754 766 815 ubi
789 754 866 815 alius
895 755 1053 834 praeterea
1079 753 1271 814 accusativus

155 862 278 922 additus
302 863 362 921 est:
392 860 409 920 i.
433 862 466 934 7,
490 863 532 918 29
555 851 668 936 άλοχον
689 849 821 919 εὐειδέα·
836 853 959 920 έθέλιον
972 851 1119 938 ἕκαστος
1141 847 1196 918 ἑὰν
1216 850 1268 936 έμ-

155 985 212 1045 μεν
238 966 292 1042 (sc.
316 953 432 1047 αὐτήν).
466 963 501 1022 ol.
524 966 560 1038 6,
585 965 634 1022 70.
669 965 725 1038 10,
754 966 802 1022 17.
826 965 862 1036 4,
885 965 957 1024 243.
981 961 1033 1037 al.;
1068 964 1121 1023 aut
1149 961 1200 1022 ubi
1231 980 1270 1020 ex

155 1068 308 1130 sententia
329 1067 422 1128 totius
442 1067 499 1127 loci
521 1066 689 1146 subjectum
712 1069 816 1128 notum
838 1069 886 1126 est
908 1067 944 1128 ol.
968 1068 1004 1142 5,
1029 1069 1080 1132 19.
1110 1067 1146 1128 ol.
1163 1069 1195 1142 8,
1219 1068 1268 1128 86.

155 1193 185 1253 p.
205 1177 241 1248 9,
265 1175 314 1230 91.
338 1173 373 1247 8,
397 1172 446 1233 68.

245 1273 344 1354 Saepe
372 1257 562 1335 accusativus
593 1273 742 1354 participii
773 1274 894 1334 additus
923 1276 970 1335 est
991 1272 1154 1348 infinitivo,
1187 1271 1269 1332 nullo

157 1381 293 1460 subjecto
316 1398 477 1460 expresso:
507 1399 536 1441 n.
561 1384 595 1454 1,
620 1382 660 1440 25
688 1374 746 1462 χρὴ
768 1373 802 1439 έν
824 1367 972 1453 εὐθείαις
993 1370 1083 1452 ὁδοῖς
1105 1369 1270 1453 στείχοντα

157 1475 355 1566 μάρνασθαι.
379 1484 414 1544 of.
436 1503 464 1543 n.
481 1486 516 1558 8,
539 1485 567 1543 4.
591 1486 641 1543 20.
662 1483 680 1542 i.
703 1487 740 1556 3,
766 1486 817 1544 66.
842 1485 869 1544 7.
895 1486 945 1546 15.
968 1483 1054 1562 lrgm.
1078 1485 1158 1554 150,
1182 1483 1210 1542 5.
1234 1479 1271 1541 al.

247 1585 349 1648 Semel
376 1607 432 1668 per
454 1587 672 1649 anacoluthiam
693 1586 874 1648 infinitivum
903 1588 1040 1667 sequitur
1068 1584 1271 1647 nominativus

158 1692 322 1775 participii:
345 1713 375 1772 p.
391 1697 425 1769 9,
445 1696 482 1753 91
505 1683 633 1775 Αἰγίνᾳ
647 1711 682 1752 τε
698 1687 757 1773 γὰρ
774 1686 859 1776 φαμὶ
879 1727 912 1736 -
933 1686 1002 1773 τρὶς
1017 1685 1056 1775 δὴ
1071 1684 1167 1752 πόλιν
1181 1679 1268 1750 τάνδ’

158 1785 317 1872 εὐκλεΐξαι
341 1797 393 1874 (sc.
418 1790 673 1879 Τελεσικράτιμ),
697 1790 829 1877 σιγαλὸν
851 1787 1031 1874 ἀμαχανίαν
1050 1785 1131 1877 ἔργῳ
1154 1782 1270 1877 φογιύν,

161 1902 241 1982 qnod
262 1901 451 1982 participium
474 1900 512 1961 ad
531 1900 692 1960 Pindarum
715 1900 829 1960 referre
849 1899 986 1980 ineptum
1006 1898 1079 1960 mihi
1097 1897 1227 1962 videtur.

247 2003 416 2066 Dativus
443 2004 606 2085 participii,
639 2003 794 2083 pertinens
818 2004 856 2065 ad
877 2003 1006 2065 alterum
1028 2003 1165 2063 dativum
1193 2001 1272 2082 posi-

160 2112 224 2169 tum
240 2107 271 2168 in
293 2107 495 2169 enuntiatione
510 2107 666 2188 primaria,
689 2107 840 2168 interdum
862 2108 1019 2188 appositus
1040 2111 1088 2166 est
1109 2103 1271 2167 infinitivo:

160 2215 196 2277 ol.
218 2217 254 2289 3,
277 2216 297 2273 4
326 2212 443 2274 Μοῖσα
465 2203 613 2296 παρέστα
636 2231 708 2291 μοι,
734 2202 856 2293 εὑρόντι
879 2246 923 2254 -
952 2205 1130 2294 ἐναρμόξαι.
1169 2230 1197 2273 n.
1224 2212 1274 2284 10,

160 2320 204 2378 50
228 2312 342 2399 σφισίν
364 2310 503 2399 ε’γγενὲς,
526 2308 624 2395 έμμεν
647 2302 823 2398 ἀεθληταῖς
843 2302 1011 2396 άγαθοῖσι.
1043 2315 1063 2377 i.
1086 2321 1118 2388 1,
1141 2317 1181 2375 53
1207 2314 1274 2392 (46)

163 2413 246 2500 άμμι
267 2418 294 2483 δ’
315 2413 402 2482 ’έοικε
424 2456 468 2464 -
490 2407 717 2500 ἀμειβομένοις
737 2415 921 2503 κελαδῆσαι.
950 2419 987 2480 ol.
1006 2421 1032 2498 9,
1056 2421 1074 2479 3
1098 2408 1214 2501 άρκεσε
1231 2450 1275 2461 -

164 2514 374 2606 ἁγεμονεῦσαι
394 2513 570 2602 κωμάζοντι
594 2513 814 2606 Ἐφαρμόστῳ.

253 2625 313 2688 Sed
336 2626 526 2688 accusativus
555 2627 671 2708 positus
701 2629 764 2702 est,
793 2623 930 2706 quamvis
952 2625 1112 2687 antecedat
1138 2624 1275 2687 dativus:

163 2731 238 2809 ih,
260 2737 302 2794 20
331 2723 469 2809 τέθμιόν
500 2751 556 2810 μοι
580 2725 664 2814 φαμὶ
694 2723 899 2813 σαφέστατον
923 2719 1037 2808 έμμεν,
1065 2723 1151 2791 τάνδ’
1178 2724 1276 2790 έπι-

166 2829 386 2913 στείχοντα
407 2837 505 2897 νᾶσον
526 2828 671 2918 ῥαινέμεν
693 2821 853 2914 εὐλογίαις
859 2858 870 2910 ,·
894 2832 944 2892 cui
960 2833 1098 2914 exemplo
1118 2833 1275 2895 addendus

165 2942 265 3002 etiam
280 2941 415 3021 ejusdem
439 2939 578 3000 carminis
600 2957 709 3000 versus
731 2940 766 2998 8:
797 2929 847 3022 εἴη
869 2930 919 3015 δέ,
950 2937 1069 3022 στατῆρι
1098 2929 1277 3023 πορσαί-

166 3064 379 3119 νοντας-
409 3038 576 3120 σπένδειν,
616 3063 708 3122 quum
736 3032 786 3126 εἴη
817 3042 952 3103 dativum
980 3041 1108 3102 nominis
1148 3041 1277 3103 asciscat

168 3149 214 3227 (cl.
230 3148 383 3228 Theognis
405 3151 483 3209 561:
508 3140 556 3232 εἴη
575 3168 647 3227 μοι,
673 3141 714 3208 τά
734 3141 793 3225 μὲν
817 3138 910 3207 αὐτὸν
930 3138 1034 3223 έχειν).

253 3251 455 3332 singulariter
482 3256 640 3334 praeterea
671 3250 844 3312 accusativo
872 3249 1004 3330 positum
1030 3253 1079 3310 est
1109 3250 1276 3330 subjectum

166 3356 320 3436 infinitivi,
344 3358 480 3438 quamvis
503 3357 684 3418 antecedens
707 3354 915 3436 participium,
937 3353 1017 3433 quod
1038 3354 1169 3435 partinet
1189 3354 1227 3416 ad
1247 3354 1279 3415 id

169 3461 352 3542 subjectum,
376 3481 432 3543 per
456 3462 591 3522 dativum
613 3461 804 3542 conjunctum
823 3459 863 3520 sit
884 3478 952 3520 cum
975 3458 1083 3520 verbo:
1122 3458 1159 3522 ol.
1178 3461 1212 3534 2,
1235 3459 1276 3519 46

168 3557 248 3627 ὅθεν
283 3559 470 3647 σπέρματος
503 3556 607 3642 ’έχοντι
643 3558 731 3647 ῥίζαν
759 3557 881 3647 πρέπει
906 3558 961 3625 τὸν
987 3552 1214 3646 Αἰνησιδάμου
1236 3595 1276 3606 -

169 3661 377 3749 τυγχανέμεν,
393 3669 530 3748 quamvis
554 3667 633 3729 eninr
648 3666 802 3728 insolitum
825 3666 865 3726 sit
886 3666 917 3726 id
942 3665 1155 3742 anacoluthon,
1176 3664 1277 3727 nescio

168 3774 270 3833 tamen
286 3790 339 3832 cur
353 3772 509 3835 Pindarico
525 3773 655 3834 sermoni
670 3791 729 3834 non
745 3771 968 3833 concedendum
984 3770 1037 3843 sit;
1057 3773 1139 3831 certe
1155 3772 1280 3831 tuentur

170 3874 350 3956 scripturam
374 3868 477 3954 έγοντι
511 3881 542 3938 et
564 3877 726 3958 Didymus,
756 3874 807 3953 qui
829 3874 948 3936 tertiam
970 3892 1131 3954 personam
1152 3872 1277 3954 pluralis

171 3997 239 4039 eam
259 3997 364 4040 vocem
393 3978 562 4058 significare
584 3980 777 4061 opinabatur,
799 3978 830 4036 et
853 3976 1059 4038 Aristarchus.
1074 3975 1096 4054 ¹)

242 4217 267 4283 1)
285 4218 447 4269 Contrarium
463 4233 563 4270 sensum
580 4219 664 4274 verbis
683 4219 834 4272 scholiastae
849 4217 931 4269 inesse
949 4218 1039 4269 mirum
1057 4216 1086 4268 in
1100 4214 1203 4268 modum
1222 4229 1281 4268 con·

168 4304 251 4354 tendit
269 4303 447 4360 Mommscnus.
