3066 4928
1241 283 1283 342 83

170 467 395 549 simplicissima
428 469 645 532 sententiarum
684 469 851 549 conjunctio
877 489 933 550 per
963 469 1159 533 indicativum
1187 471 1283 534 multo

169 573 333 653 praevalet
360 573 397 652 (5.
421 577 471 649 11,
494 572 543 654 4);
571 573 827 653 conjunctionibus
847 573 955 636 iisdem
976 575 1056 651 fere,
1089 575 1282 655 00110οΗ0-

170 696 299 750 merus,
320 676 417 737 utitur
441 677 588 738 Pindarus
602 675 624 749 ¹)
653 677 690 756 (g.
713 681 762 752 11,
785 681 813 738 2.
837 680 884 753 5);
917 678 988 758 0010
1016 679 1107 740 etiam
1136 681 1280 742 nonnulla

171 781 391 841 sententiarum
430 781 707 860 conjungendarum
740 800 854 858 genera
888 783 969 862 apud
1000 781 1118 844 Atticos
1155 786 1284 863 vulgata

171 901 272 961 neque
294 883 393 946 aliena
421 885 459 944 ab
481 883 651 945 Homericis
675 884 870 960 carminibus,
898 904 958 946 000
984 885 1179 948 inveniuntur
1203 888 1284 969 apud

172 987 353 1065 Pindarum,
383 987 469 1048 velut
489 989 616 1069 optativi
637 1008 712 1048 usus
734 989 764 1049 in
788 989 1043 1052 enuntiationibus
1065 992 1282 1072 temporalibus

174 1087 343 1174 (§.11,5);
378 1090 555 1169 conjunctae
578 1085 614 1153 δέ
636 1111 672 1152 τε
693 1091 858 1171 particulae
881 1091 1023 1166 (Boeckh.
1039 1097 1099 1156 not
1114 1115 1142 1176 p.
1157 1098 1205 1173 10,
1216 1099 1284 1175 69);

173 1188 210 1275 ye'
232 1194 380 1274 particula
393 1192 424 1254 in
439 1193 692 1284 enuntiationibus
714 1196 961 1257 conditionalibus
990 1198 1090 1277 posita
1113 1201 1194 1279 (pag.
1216 1201 1285 1277 65);

175 1289 214 1360 ἄν
230 1302 261 1359 01
275 1292 330 1360 κέν
346 1297 512 1378 particulae
534 1297 710 1377 conjunctae
732 1318 802 1360 cum
823 1291 852 1361 εἶ
871 1299 908 1379 (5.
926 1305 975 1378 ll,
992 1303 1034 1377 4),
1059 1306 1092 1362 et
1112 1302 1285 1365 10000100-

175 1402 225 1462 tiis
248 1401 387 1463 finalibus
409 1401 525 1481 positae
547 1401 586 1480 (ξ.
602 1405 652 1478 11,
664 1403 712 1480 3);
735 1396 817 1463 ὥστε
833 1421 901 1462 cum
916 1403 1077 1465 indicativo
1093 1407 1285 1485 conjunctum

176 1506 216 1585 (ξ.
238 1509 288 1581 12,
310 1505 415 1585 2,1.);
438 1505 484 1566 bis
505 1507 623 1566 tantum
647 1509 750 1567 exstat
770 1508 1097 1589 plusquamperfectum
1121 1510 1158 1589 (ξ.
1176 1515 1227 1586 10,
1243 1515 1285 1588 4),

175 1609 294 1669 omnino
316 1609 403 1670 deest
426 1609 721 1689 paulopostluturum
743 1613 808 1686 (10,
834 1613 879 1685 6);
902 1630 1001 1690 neque
1022 1613 1103 1692 apud
1119 1612 1285 1676 Homerum

138 1757 141 1762 -
174 1731 274 1794 neque
293 1715 482 1793 -excepto
504 1732 564 1774 uno
586 1713 713 1774 1000-
735 1715 817 1794 apud
838 1713 1000 1776 Pindarum
1024 1715 1178 1779 invenitur
1198 1737 1284 1800 prae-

176 1837 248 1878 sens
270 1817 445 1878 historicum
468 1817 507 1896 (ἓ.
534 1821 584 1895 10,
611 1819 651 1895 1).

241 1963 246 1972 .
264 1917 401 2000 Simplex
421 1920 598 2000 plerumque
614 1919 842 2000 sententiaeque
856 1921 1032 2002 progressui
1047 1942 1136 2003 quam
1154 1926 1285 1987 maxime

177 2024 323 2104 adaptata
351 2023 570 2092 collocatio
600 2044 718 2104 quoqne
748 2025 973 2102 verborum,
1009 2027 1107 2106 quoad
1131 2048 1189 2108 ego
1219 2049 1286 2092 eam

177 2127 356 2204 observavi,
387 2126 459 2187 mihi
487 2146 556 2187 esse
585 2128 706 2188 videtur
727 2128 807 2206 apud
825 2127 997 2191 Pindarum.
1041 2129 1098 2193 uui
1118 2135 1286 2195 sententiae

178 2252 238 2293 non
261 2229 444 2292 contrarium
465 2233 528 2308 est,
551 2231 631 2310 quod
654 2249 746 2310 saepe
767 2231 812 2291 ita
835 2233 1018 2294 conformata
1038 2239 1088 2296 est
1112 2237 1286 2317 enuntiatio,

176 2340 212 2398 ut
230 2335 314 2398 initio
335 2333 435 2417 posita
457 2334 497 2395 sit
517 2353 579 2395 vox
599 2335 822 2396 constructione
839 2337 997 2416 jungenda
1019 2357 1087 2399 cum
1108 2340 1204 2402 altera
1218 2361 1286 2402 ver-

176 2459 229 2501 sus
250 2439 340 2502 finem
362 2437 529 2500 sententiae
553 2437 617 2498 sive
638 2439 742 2500 ultimo
764 2439 829 2499 loco
852 2439 1012 2515 collocata;
1038 2443 1095 2503 hac
1116 2443 1195 2503 enim
1217 2464 1286 2506 ver-

176 2544 283 2605 borum
307 2541 500 2604 collocatione
523 2539 666 2620 efficitur,
697 2546 732 2602 ut
758 2541 899 2624 periodus
927 2544 1077 2606 interdum
1100 2547 1174 2608 satis
1194 2548 1286 2628 longa

177 2647 365 2708 contineatur
387 2646 471 2706 etin
489 2664 581 2707 unum
604 2646 690 2727 quasi
714 2649 895 2709 coerceatur.
940 2647 1005 2723 Ita,
1033 2650 1170 2728 quamvis
1200 2669 1286 2732 sepa-

176 2755 258 2829 rata,
283 2748 451 2812 arctissime
474 2749 685 2830 conjungenda
709 2754 780 2810 sunt

263 2855 292 2932 a)
309 2853 458 2934 adjectiva
471 2872 539 2914 oum
553 2852 766 2914 substantivis:
785 2852 841 2928 15,
852 2857 891 2913 22
904 2842 1050 2934 μύριαι
1070 2847 1168 2936 ἔργων
1180 2854 1287 2919 καλῶν

175 2949 327 3042 τέτμηνθ’
351 2946 570 3036 ἑκατόμπεδοι
587 2951 620 3018 ἒν
635 2959 737 3041 σχερῷ
757 2950 963 3019 κέλευθοι.
992 2977 1019 3018 0.
1038 2961 1067 3033 9,
1079 2961 1120 3020 37
1135 2961 1287 3041 παῦροι

177 3055 215 3122 δὲ
244 3057 415 3140 βουλεῦσαι
445 3049 548 3142 φόνου
577 3052 767 3144 παρποδίου
795 3052 932 3144 νεφέλαν
960 3055 1083 3146 τρέψαι
1108 3057 1190 3124 ποτὶ
1219 3060 1287 3138 δας-

180 3158 302 3243 μενέων
330 3156 450 3247 ἇνδρῶν
477 3156 590 3240 στίχας
617 3159 709 3247 χερσὶ
731 3157 788 3225 καὶ
810 3166 900 3248 ψυχᾷ
927 3159 1108 3229 δυνατοί.
1150 3167 1169 3229 1.
1193 3171 1222 3245 2,
1246 3171 1285 3230 15

177 3259 293 3351 Δωρί
300 3289 349 3329 ων
377 3260 462 3350 αὐτῷ
491 3259 685 3350 στεφάνωμα
718 3261 850 3346 πέμπεν
867 3255 1076 3332 ’ἀναδεῖσθαι
1110 3264 1199 3332 σελί
1205 3293 1287 3336 νων.

177 3372 196 3436 1.
221 3377 257 3449 2,
287 3377 327 3434 39
356 3365 544 3448 ξεινίαν-
564 3362 733 3456 τράπεζαν.
777 3371 796 3435 1.
821 3375 849 3447 7,
877 3375 919 3433 49
952 3367 1081 3436 Μύσιον
1101 3408 1145 3419 --
1163 3368 1288 3438 πεδίον.

177 3476 214 3538 01.
238 3481 276 3553 a,
295 3480 360 3558 120
393 3478 481 3555 (112)
506 3466 669 3538 Αῑάωεον
691 3511 731 3520 -
753 3467 871 3556 βωμόν.
914 3496 943 3537 n.
968 3480 1017 3555 10,
1041 3480 1083 3539 10
1111 3477 1223 3541 τοῦτον
1245 3514 1286 3526 -

179 3601 289 3644 αιωνα.

265 3799 289 3866 1)
308 3800 417 3866 Singula
436 3803 576 3854 annotabo:
603 3801 636 3854 11
656 3803 683 3852 10
702 3803 809 3867 0001001
829 3805 940 3867 positum
958 3805 990 3855 ol.
1009 3811 1033 3870 3,
1052 3809 1098 3870 433
1125 3809 1174 3856 καί
1198 3821 1287 3872 super-

177 3886 257 3936 lativo
285 3887 475 3952 superadditum
499 3903 526 3954 p.
546 3895 574 3951 6,
595 3895 636 3941 44.
655 3917 689 3926 -
715 3885 782 3960 ἦρα
808 3891 980 3955 postpositum
1006 3907 1031 3956 p.
1053 3897 1077 3952 9,
1098 3896 1147 3954 32;
1172 3892 1203 3943 cl.
1222 3893 1289 3944 aod.

177 3973 353 4024 Hermannum
372 3973 404 4024 ad
423 3973 525 4041 Ajacem
551 3981 607 4027 177.
624 4003 658 4012 -
681 3973 744 4026 οὔτε
766 3976 843 4025 semel
867 3977 979 4041 positum
1004 3977 1035 4026 ad
1060 3977 1121 4028 duas
1148 3980 1287 4030 sententiae

177 4061 264 4125 partes
282 4058 441 4110 referendum
468 4076 495 4126 p.
515 4066 539 4122 6,
557 4066 598 4111 48.
616 4077 643 4125 p.
664 4066 705 4126 10,
726 4065 766 4111 29.
785 4066 828 4112 41,
847 4089 881 4098 -
908 4051 964 4113 nida
989 4078 1041 4112 non
1065 4064 1194 4114 invenitur
1219 4065 1286 4129 apud

177 4143 318 4196 Pindarum
335 4147 386 4196 nisi
402 4146 430 4196 in
451 4149 520 4196 certa
536 4146 664 4196 locutione
682 4135 736 4197 0110
756 4144 866 4212 εἶπενρ.
882 4152 973 4210 4,229.
995 4153 1019 4209 8,
1027 4154 1069 4199 45.
1090 4137 1137 4200 alo*
1158 4148 1287 4219 ἀμείφθη

178 4246 204 4296 p.
222 4235 247 4292 4,
269 4235 334 4294 1023
357 4247 485 4296 nunquam
508 4233 589 4296 igitur
618 4231 686 4298 apud
711 4229 850 4282 Pindarum
878 4231 968 4283 localis
995 4233 1149 4297 significatio
1174 4235 1241 4284 10001
1263 4235 1288 4284 ei

177 4316 316 4380 vocabulo,
333 4331 409 4382 quam
427 4317 496 4382 apud
513 4319 654 4368 Homerum
672 4319 753 4368 inesse
771 4320 875 4382 negavit
892 4319 1063 4370 Aristarchus.

1043 4405 1091 4470 611
