3066 4928
1225 235 1265 315 tt

147 445 321 523 temporum
337 443 377 522 1),
407 441 613 504 necessarium
641 461 790 504 conexum
818 443 1014 523 indicantem,
1044 445 1173 525 amplius
1193 464 1265 524 qua-

147 547 294 626 draginta
322 548 395 609 locie
425 547 542 626 posuit,
575 566 636 626 qua
657 547 695 608 dc
718 551 871 611 structura
898 549 973 610 nihil
997 549 1125 629 amplius
1146 549 1268 610 videtur

148 651 452 714 commemorandum.

239 755 287 816 De
315 757 514 836 optativo,
547 754 597 834 qui
626 755 657 815 in
683 755 901 817 conditionibus
930 756 1136 817 describendis
1166 757 1267 817 decies

146 859 265 937 legitur
289 859 369 940 apud
389 858 566 934 Pindarum,
593 859 818 920 memorandum
839 863 903 937 est,
933 861 1050 921 duobus
1071 860 1144 921 locis
1166 861 1198 920 in
1219 880 1266 921 co·

149 963 268 1024 dicibus
299 955 337 1023 ὂίν
369 966 401 1023 et
422 957 477 1024 κέν
508 962 643 1023 additum
671 983 738 1023 esse
767 964 820 1024 tali
849 965 992 1044 optativo.
1036 963 1079 1026 Et
1108 965 1139 1024 in
1165 965 1265 1044 priore

148 1068 272 1148 quidem
296 1068 360 1128 loco
383 1087 413 1128 n.
435 1071 471 1144 7,
494 1070 534 1128 89
564 1059 594 1128 εἰ
617 1064 643 1129 δ’
668 1059 745 1129 αὐτὸ
769 1061 823 1128 καὶ
845 1063 927 1142 θεὸς
949 1062 996 1129 ἂν
1014 1061 1103 1146 ’έχοι
1126 1068 1264 1130 facillime

149 1175 236 1232 certe
266 1171 389 1232 offertur
409 1171 576 1232 Thierschii
608 1172 756 1251 scriptura
779 1159 904 1250 οἷνέχοι,
934 1174 966 1232 in
988 1174 1083 1234 altero
1106 1193 1179 1234 vero
1201 1174 1267 1233 loeo

146 1297 182 1356 p.
204 1280 239 1352 4,
264 1279 341 1336 263:
370 1269 398 1337 εἰ
421 1271 481 1360 γάρ
501 1297 552 1350 τις
574 1267 665 1353 ὄζους
688 1270 817 1337 πελέκει
843 1269 1063 1361 ἐξερείψαι
1085 1298 1150 1338 κεν
1171 1267 1266 1358 μεγά-

149 1379 213 1454 λας
235 1374 344 1462 δρυὸς,
376 1371 566 1458 αἰσχύνοι
590 1374 626 1441 δέ
649 1373 680 1442 οἳ
704 1369 806 1455 εἶδος·
835 1375 892 1441 καὶ
913 1372 1146 1465 φθινόκαρπος
1172 1377 1265 1443 ἐοῖσα

151 1481 242 1545 διδοῖ
268 1485 386 1567 ψᾶφον
415 1475 486 1567 παρ’
512 1471 626 1562 αὐτᾶς,
657 1476 858 1545 εἴποτε-
887 1488 952 1565 πῦρ
980 1478 1137 1570 ἐξίκηται,
1173 1505 1266 1565 quum

152 1587 262 1648 similia
283 1587 423 1668 exempla
443 1587 569 1648 aliorum
588 1607 649 1648 non
663 1608 788 1668 prorsus
808 1589 908 1650 desint
923 1589 1075 1668 (Krueger
1088 1593 1139 1666 54,
1159 1596 1209 1665 11,
1226 1592 1267 1668 3),

152 1693 257 1753 nescio
286 1710 339 1752 cur
367 1711 427 1753 non
458 1692 607 1752 servanda
636 1693 675 1753 sit
706 1694 840 1755 codicum
868 1695 1018 1774 scriptura
1045 1695 1264 1770 (Thierschiusz

151 1787 355 1879 ἐξερείψειεν.
386 1795 646 1858 Schneidewinus:
669 1790 835 1881 ἕξερείψαι
856 1792 936 1876 μέν).
982 1797 1072 1860 Certe
1094 1799 1174 1878 quod
1195 1799 1265 1858 scri·

151 1901 282 1979 pserunt
309 1897 462 1978 Bergln'us
498 1903 528 1960 et
556 1899 763 1960 Mommsenus
796 1894 947 1986 ἕξερείψῃ
976 1923 1029 1964 κεν
1060 1937 1101 1946 -
1136 1896 1265 1987 αἰσχύνῃ

151 2003 330 2064 Pindaricae
359 2005 501 2064 orationis
524 2005 732 2066 consuetudini
755 2010 922 2087 repugnat;
950 2026 1144 2088 nunquam
1166 2008 1266 2068 enim

152 2127 223 2187 per
243 2107 546 2169 omniaPindari
570 2111 742 2170 carmina
761 2111 913 2189 legitur
934 2103 975 2172 εἴ
990 2132 1072 2190 κεν,
1098 2105 1132 2174 εἰ
1148 2147 1191 2156 -
1207 2103 1264 2190 av,

152 2205 224 2271 ἐάν
248 2230 329 2271 cum
352 2212 652 2292 conjunctivo.²)

243 2313 305 2376 Sed
327 2317 440 2396 septies
462 2318 513 2377 vel
535 2317 627 2378 octies
641 2316 665 2397 3)
689 2318 969 2398 conjunctivus
992 2318 1096 2380 aoristi
1119 2339 1186 2380 cum
1202 2320 1267 2381 solo

150 2411 181 2480 εἰ
206 2420 383 2498 conjunctus
406 2423 516 2481 exstat.

240 2523 507 2585 Indicativum
531 2524 676 2586 aoristi
698 2528 748 2588 vel
770 2527 1007 2610 imperfecti,
1039 2527 1091 2588 ubi
1113 2528 1151 2588 de
1174 2529 1265 2589 rebus

152 2647 213 2688 non
242 2648 350 2691 revera
379 2629 466 2690 factis
496 2630 611 2708 agitur,
643 2632 745 2692 sexies
775 2653 843 2694 cum
873 2631 1080 2712 conjunctione
1107 2624 1136 2693 εἰ
1164 2633 1266 2712 posuit

152 2731 316 2808 Pindarus;
341 2734 478 2794 omnibus
498 2733 535 2794 iis
554 2735 627 2796 locis
648 2737 783 2816 sequitur
806 2737 936 2798 aoristus
954 2755 1021 2796 cum
1036 2736 1184 2815 particula
1202 2731 1267 2812 κέν,

152 2856 306 2916 nunquam
325 2837 540 2917 imperfectum.
818 2917 819 2922 η

241 2941 403 3020 Nunquam
431 2942 511 3024 apud
532 2941 694 3003 Pindarum
714 2942 778 3022 legi
800 2933 834 3003 εἴ
851 2961 886 3024 γε
913 2942 1069 3004 annotarit
1093 2940 1267 3004 Boeckhius
1361 2967 1363 2970 ·

153 3049 214 3107 not.
239 3047 274 3106 ol.
298 3049 334 3122 2,
357 3048 407 3110 56.

242 3148 311 3211 Non
335 3170 454 3230 semper
476 3151 556 3230 apud
576 3147 740 3210 Pindarum
764 3149 949 3212 conditiones
978 3149 1070 3229 justis
1102 3152 1192 3229 atque
1221 3149 1265 3210 in-

154 3255 251 3333 tegris
274 3255 529 3315 enuntiationibus
552 3253 758 3332 continentur,
791 3253 845 3314 sed
865 3255 1014 3317 interdum
1041 3253 1072 3314 in
1096 3253 1168 3314 solis
1198 3273 1266 3334 par·

226 3455 250 3520 1)
277 3454 423 3520 Imperfecti
445 3469 470 3520 p.
491 3459 537 3517 11,
558 3460 599 3506 41.
626 3472 650 3506 n.
671 3461 700 3518 7,
722 3462 762 3506 74.
784 3483 817 3492 -—
845 3455 952 3520 perfecti
976 3470 1002 3519 p.
1021 3461 1049 3519 8,
1070 3460 1110 3505 73.
1135 3461 1205 3520 md,
1226 3461 1264 3504 19.

156 3548 186 3604 2,
205 3547 228 3592 6.
245 3541 262 3589 i.
280 3547 310 3604 4,
329 3545 369 3591 23.
391 3567 424 3576 -
442 3540 523 3590 futuri
543 3540 575 3590 ol.
593 3547 622 3604 7,
644 3548 666 3592 1.
684 3557 708 3591 n.
729 3547 775 3604 11,
796 3547 825 3590 13
848 3541 1001 3606 (promiscue
1020 3556 1077 3589 cum
1094 3539 1215 3604 aoristol)
1236 3566 1269 3574 -

153 3627 243 3677 aoristi
261 3627 347 3676 octies.
366 3656 400 3664 -

225 3713 251 3778 2)
275 3712 443 3776 Respicienda
459 3714 523 3764 mihi
543 3713 642 3764 videtur
660 3715 790 3777 praeterea
808 3711 960 3763 scholiastae
977 3712 1127 3776 explicatio,
1155 3712 1199 3776 qui
1216 3712 1266 3762 ini·

152 3799 217 3849 tium
239 3799 378 3849 sententiae
404 3799 529 3864 explicat:
560 3802 694 3856 εἴτις-
715 3794 832 3866 ἐκκόψει
851 3801 897 3849 καὶ
917 3793 1058 3864 αἰσχύνει,
1086 3813 1173 3848 versus
1191 3798 1266 3848 finem

153 3884 228 3934 dicit:
257 3879 327 3936 ὅταν
343 3911 376 3920 -
394 3883 569 3951 ἒπιγένηται;
596 3885 709 3951 profecto
731 3901 783 3934 non
807 3889 929 3934 mutasset
951 3887 1114 3948 structuram,
1139 3883 1161 3933 si
1179 3884 1268 3934 ecdem

152 3969 228 4020 modo
253 3986 296 4020 eae
321 3970 385 4021 duae
408 3971 545 4021 sententiae
569 3972 738 4022 conformatae
762 3970 916 4020 fuissentin
936 3987 980 4035 eo,
1008 3985 1082 4036 quem
1101 3974 1158 4020 ante
1178 3970 1266 4021 oculos

151 4055 262 4107 habebat
279 4056 386 4106 Pindari
402 4057 477 4107 libro.

224 4143 250 4208 3)
274 4142 372 4193 Dubius
391 4147 430 4193 est
445 4143 510 4194 mihi
527 4143 597 4194 locus
615 4161 640 4198 n,
657 4151 686 4205 7,
707 4149 736 4193 11
756 4137 841 4212 τύχῃ,
861 4141 891 4190 el.
911 4143 930 4207 l.
951 4148 998 4204 14,
1019 4148 1042 4199 3,
1077 4144 1212 4194 Praeterea
1232 4143 1267 4194 ol.

156 4234 185 4292 ’1,
207 4235 219 4276 1
239 4226 274 4286 ώς
292 4232 376 4288 εἴτις
393 4225 551 4300 δωρήσεται.
576 4247 600 4280 n.
625 4236 668 4293 11,
689 4235 718 4279 13
739 4230 822 4285 εἴτις
839 4223 1050 4300 παραμεύσεται
1074 4229 1154 4279 futuri
1170 4229 1268 4279 indica·

154 4313 223 4364 tiros
240 4313 367 4365 habendas
387 4331 442 4364 esse
460 4320 522 4380 puto
541 4331 582 4365 eas
601 4314 736 4366 verborum
754 4315 856 4365 formas.

200 4417 356 4470 Erdmann,
375 4419 413 4460 De
427 4419 522 4459 Pindari
536 4429 579 4459 usu
593 4419 730 4470 syntectico.
1030 4405 1048 4464 5
