3066 4928
1216 255 1273 338 ιο

151 475 287 536 dentium
309 473 413 534 eadem
434 472 497 532 iere
519 465 734 551 significatione
756 488 846 549 quam
866 469 964 530 denies
981 471 1096 531 robusti
1102 494 1109 543 ;
1131 471 1163 532 et
1182 489 1211 549 p.
1226 471 1256 543 4,

154 583 217 640 131
243 568 327 659 ἱερὸν
349 569 467 653 εὐζωᾶς
486 569 598 638 άωτον.
626 575 645 636 i.
667 579 701 652 7,
725 577 763 634 16
785 566 922 656 χαρίτων
944 565 1050 634 άωτον
1070 565 1168 654 άκρον
1189 593 1255 633 sen·

151 681 341 744 tentiamihi
363 681 485 742 videtur
506 698 575 739 esse
596 697 646 754 ea,
667 682 702 738 ut
716 665 815 755 εὐζωά
835 682 866 738 et
878 669 1007 761 χάριτες,
1020 677 1105 758 ipsae
1120 677 1258 738 dieantur

153 804 289 846 summae
312 786 411 846 flores.
515 785 518 790 '

244 905 440 976 substantiva
470 904 620 964 abstracta
649 902 783 963 verbalia
810 921 884 963 vero
914 905 961 980 (ut
988 901 1077 983 Soph.
1099 901 1146 982 Aj.
1179 905 1257 964 159:

154 1001 279 1093 πύργου
302 1009 385 1091 ῥῦμα
406 1039 440 1056 =
463 1002 584 1091 πάρμας
603 999 753 1090 ῥυόμενος
783 1005 866 1086 (nost
894 1005 1140 1084 Thurmsohutz);
1168 1004 1256 1088 Soph.

154 1113 204 1193 Aj.
233 1115 315 1173 1076
345 1107 442 1197 μηδὲν
468 1107 572 1197 φόβου
599 1107 771 1194 προβλῆμα
800 1103 887 1187 ἐραν.
923 1109 995 1172 Eur.
1018 1109 1064 1170 El.
1089 1113 1170 1170 1241
1200 1131 1257 1171 ιτε-

156 1213 268 1298 ρισσὸν
292 1209 393 1294 άχθος
416 1218 583 1296 γυναικῶν)
612 1217 656 1277 ita
674 1235 741 1277 oum
763 1215 904 1294 genetivo
923 1216 1075 1276 nominum
1100 1215 1259 1294 conjuncta

155 1321 237 1401 apud
257 1321 418 1383 Pindarum
438 1341 499 1382 non
519 1321 629 1382 inveni.

244 1463 272 1520 6.
302 1460 352 1520 vel
370 1460 487 1521 omnino
507 1479 573 1519 rem
594 1478 662 1519 oum
681 1458 740 1519 alia
761 1457 965 1538 aliquomodo
986 1457 1258 1518 cohaerentem

156 1562 244 1623 sive
268 1582 452 1624 conexam
481 1563 631 1642 signifieat
650 1562 826 1642 genetivus:
859 1562 954 1638 olo,
978 1562 1017 1622 15
1043 1551 1129 1622 ἑπτὰ
1151 1561 1258 1643 πυράν

131 1707 134 1714 .
157 1701 200 1711 -
219 1667 336 1747 νεκρῶν
358 1673 560 1744 mortuorum,
588 1671 642 1750 qui
660 1671 769 1750 septem
789 1670 872 1748 rogis
892 1668 1027 1748 impositi
1047 1669 1138 1728 erant.
1176 1665 1212 1726 ol.
1230 1670 1259 1741 3,

158 1773 199 1830 18
229 1765 386 1854 στέφανος
408 1760 523 1856 άρετᾶν
552 1791 659 1834 corono
686 1772 850 1833 virtutibus
879 1770 983 1832 debito.
1021 1768 1097 1846 il,
1124 1772 1165 1829 24
1194 1769 1259 1830 τῶν

155 1878 207 1950 (so.
225 1867 398 1957 ἐργμάτων)
420 1869 551 1960 ἔρνεσιν.
574 1877 610 1937 ol
630 1881 663 1952 7,
683 1878 724 1935 80
747 1875 811 1935 τῶν
833 1861 987 1951 (ἀέθλιον)
1003 1863 1146 1933 άνθεσιν.
1167 1893 1195 1932 n.
1209 1876 1259 1948 10,

157 1982 198 2038 67
230 1967 356 2058 άμαλμα
376 1967 472 2042 Ἀίδα
498 1985 616 2062 siquam
638 1979 762 2042 Plutoni
788 1997 914 2039 οοοικιιι.
958 1975 1115 2037 Interdum
1140 1977 1259 2037 urbium

156 2081 324 2143 nominibus
346 2086 505 2162 genetivus
528 2085 576 2145 dei
599 2086 680 2164 ejuS,
703 2083 751 2144 oui
771 2081 902 2142 maxime
921 2079 1039 2140 deditae
1061 2083 1147 2157 eunt,
1172 2100 1258 2162 prae-

156 2185 294 2265 ponitur:
318 2186 401 2265 016,
423 2190 441 2247 5
465 2184 547 2262 Διὸς
567 2181 600 2248 ἒν
621 2181 721 2270 Πίσᾳ.
744 2187 790 2264 (of.
807 2184 843 2246 ol.
857 2189 891 2264 2,
912 2189 930 2245 3
952 2184 1056 2260 infra);
1079 2185 1260 2264 quinetiam

158 2288 346 2349 substantivo
368 2291 519 2351 anomine
539 2290 621 2351 urbis
641 2290 776 2351 derivato
798 2288 868 2349 talis
892 2289 1051 2366 genetivus
1072 2287 1192 2350 additus
1213 2290 1262 2349 est

157 2413 185 2473 p.
206 2396 240 2468 7,
265 2395 303 2454 15
331 2385 392 2472 μία
419 2391 447 2456 δ’
470 2388 635 2479 ἐκπρεπὴς
666 2388 749 2467 Διὸς
776 2383 966 2471 Ὀλυμπιάς,
999 2412 1091 2472 quum
1113 2412 1260 2474 quaeeun-

157 2516 215 2577 que
237 2495 276 2556 ad
297 2515 362 2557 earn
384 2497 488 2558 urbem
511 2499 701 2579 pertinebant
728 2517 797 2558 oum
817 2495 892 2558 Iove
915 2497 981 2579 ipso
1004 2497 1169 2559 arctissime
1192 2518 1260 2559 oon-

152 2600 258 2680 junota
279 2621 348 2662 esse
367 2603 550 2664 viderentur.

242 2701 464 2785 Eodem'modo
488 2725 524 2784 de
541 2723 726 2799 Thearorum
748 2722 873 2802 collegio
888 2721 1021 2802 Apollini
1043 2740 1127 2783 saoro
1149 2722 1260 2784 dietum

158 2826 207 2882 est
233 2843 262 2885 n.
289 2829 325 2901 3,
355 2829 395 2886 70
430 2823 543 2905 σεμνὸν
572 2817 724 2908 ἀγλααῖσι
755 2819 922 2907 μερίμναις
954 2818 1086 2887 Πυθίου
1122 2821 1258 2911 Θεάριον

159 2927 232 3004 (non
254 2929 332 2988 enirn
352 2923 520 3011 μερίμναις
541 2949 609 2991 oum
623 2930 763 3009 genetivo
777 2921 910 2991 Πυθίου
931 2929 1174 3010 conjungendum
1193 2949 1261 2990 esse

159 3032 246 3110 puto,
273 3031 327 3092 sed
350 3019 466 3113 ἀγλααὶ
493 3027 643 3114 μέριμναι
670 3033 783 3094 dietum
811 3053 879 3094 esse
906 3052 1013 3095 ooneeo
1042 3034 1080 3095 de
1109 3034 1260 3097 laboribus

159 3135 197 3196 ad
218 3154 268 3196 ros
288 3135 420 3197 ludicras
442 3136 649 3218 pertinentes).

243 3255 336 3318 Hand
350 3276 418 3319 raro
441 3258 575 3337 genetivi
591 3257 683 3333 tales,
703 3258 806 3338 quales
826 3259 922 3320 adhuo
943 3259 1131 3335 enumerari,
1153 3277 1260 3339 prae-

160 3360 283 3422 dicati
305 3361 337 3422 in
358 3361 478 3424 modurn
499 3364 592 3424 verbo
614 3362 715 3424 addito
740 3382 809 3424 oum
826 3383 862 3424 eo
885 3363 1020 3439 nomine,
1050 3365 1166 3444 dequo
1188 3383 1260 3445 pen-

160 3465 245 3540 dent,
274 3467 503 3546 conjunguntur.
547 3465 637 3536 Quod
657 3467 900 3546 vulgatissimum
922 3469 971 3529 est
995 3468 1026 3528 in
1047 3469 1139 3529 verbo
1162 3456 1260 3530 εἶναιε

160 3587 187 3648 p.
207 3571 242 3644 3,
268 3571 308 3630 60
330 3566 401 3644 οἵας
422 3563 510 3650 εἰμὲν
533 3562 637 3644 αἴσας.
672 3572 708 3632 ol.
732 3575 766 3648 2,
792 3577 810 3633 3
840 3564 933 3634 Πίσα
953 3565 1013 3653 μὲν
1033 3562 1116 3646 Διός
1138 3566 1259 3649 (ἐστιν).

159 3692 185 3732 n.
206 3675 261 3746 10,
283 3676 324 3733 46
346 3669 545 3758 μακροτέρας
565 3662 747 3758 ἀριθμῆσαι
767 3673 892 3752 σχολᾶς.
921 3675 958 3736 ol.
980 3678 1013 3751 9,
1035 3679 1076 3736 63
1099 3666 1210 3736 κείνων
1231 3670 1259 3736 δ’

160 3767 257 3837 ἕσσαν
277 3769 423 3860 ὑμέτεροι
443 3772 600 3861 πρόγονοι
620 3778 746 3840 allorum
767 3777 861 3858 (filii)
880 3781 965 3841 ονοκί
984 3782 1077 3841 vestri
1090 3782 1207 3862 proavi.

244 3895 360 3958 Eodem
379 3898 466 3959 modo
486 3901 632 3979 usurpata
651 3901 723 3960 sunt
743 3899 835 3960 etiam
852 3901 946 3961 verbo
967 3891 1135 3981 γίγνεσθαι
1155 3901 1187 3960 et
1204 3919 1261 3983 φο-

160 3991 326 4060 retrabat:
350 4002 386 4062 ol
408 4004 441 4076 6,
462 4005 504 4062 49
531 3994 655 4082 Φοίβου
677 3990 772 4064 αὐτὸν
793 4004 841 4087 φᾶ
864 3998 1007 4085 γεγάκειν
1026 3994 1158 4088 πατρός.
1187 4025 1216 4085 p.
1231 4007 1262 4079 4,

162 4104 223 4162 144
246 4094 347 4182 άμμες
365 4093 405 4166 αὖ
423 4097 536 4166 κείνων
558 4101 785 4190 φυτευθέντες,
809 4110 841 4167 et
861 4107 893 4166 in
912 4108 1018 4168 eodem
1037 4108 1168 4169 carmine
1186 4126 1214 4188 p.
1231 4111 1262 4184 4,

160 4209 221 4268 256
246 4200 337 4288 μένος
354 4199 512 4292 Εὐφάμου
532 4204 705 4293 φατεοθὲν;
730 4218 761 4271 et
778 4211 903 4272 verbum
923 4211 1092 4292 appellandi
1113 4232 1143 4292 p.
1162 4215 1197 4289 3,
1220 4213 1260 4271 67

159 4301 266 4394 ἤτινα
286 4307 442 4375 Λατοΐδα
470 4307 658 4398 κεκλημένον
684 4307 705 4399 ἢ
725 4309 880 4400 πατέροςς
909 4335 1035 4397 qnorum
1056 4315 1262 4396 exemplorum

1032 4417 1082 4480 2*
