3066 4928
272 226 312 286 66

269 413 395 495 ticipiis,
418 412 575 496 adjectivis
596 415 647 476 vel
668 413 759 476 etiam
784 415 936 477 adverbiis
957 415 1043 497 quasi
1064 416 1176 495 latent,
1196 421 1232 480 ut
1252 420 1270 482 i
1289 425 1322 497 7,
1345 426 1386 484 16

269 509 345 580 ἰατὰ
368 513 396 581 δ’
410 509 481 581 ἔστι
502 518 633 604 βροτοῖς
656 513 711 580 σόν
733 506 760 601 γ’
780 513 951 605 ἐλευθερίᾳ
972 516 1027 582 καί
1049 511 1090 582 τοί
1109 523 1275 604 siquidem
1294 525 1393 588 liberi

268 627 345 688 aas.
380 622 468 702 frgm.
490 625 549 699 49,
572 627 589 683 2
613 617 651 684 τὸ
673 617 709 684 δὲ
730 618 774 707 μὴ
793 619 856 684 Aa·
875 616 1026 709 φίλτερον
1049 625 1166 708 σιγῷμι
1189 623 1333 707 πάμπαν
1350 659 1389 678 2-

267 729 297 788 a·
318 726 391 810 qaid
411 725 481 789 Jooi
500 729 599 788 minas
625 729 776 808 occeptum
799 730 846 789 eii.
884 727 920 790 ol.
941 732 976 805 9,
1006 731 1067 790 103
1101 726 1389 812 σεσιγαμένον

269 817 306 890 oei
327 821 514 913 σκαιότερον
534 819 625 914 χρῆμ’
643 823 786 895 ἕκαστον.
811 831 899 910 frgm.
916 835 956 893 87
980 824 1119 895 θνάσκει
1141 828 1387 897 έπιλασθὲν

268 930 367 998 καλὸν
386 927 478 1018 ἔργον
500 934 549 1012 (de
570 933 734 1015 participiis
759 935 785 1014 ς.
810 938 865 1014 13,
890 935 931 1012 3).

356 1068 458 1131 Etiam
482 1069 713 1150 pronomina
742 1069 917 1130 relativa
948 1087 1039 1150 saepe
1069 1089 1160 1131 sensu
1191 1073 1386 1136 conditionali

268 1173 367 1253 posita
392 1175 480 1234 sunt:

356 1311 424 1352 oum
444 1289 604 1352 indicativo
635 1309 663 1352 n.
691 1296 725 1365 1,
757 1294 798 1351 28
829 1287 975 1374 συγγενές
1004 1280 1054 1367 οἷς
1081 1287 1194 1354 ἕπεται
1219 1299 1248 1356 ei
1272 1297 1386 1376 quibua

264 1400 384 1478 μναιιίο
408 1399 451 1458 act
476 1397 643 1476 ispaniam,
674 1394 758 1467 alibi;

355 1520 422 1560 cum
443 1499 507 1561 solo
529 1499 717 1580 conjunctivo
745 1498 763 1559 i.
786 1503 821 1574 6,
845 1501 884 1558 18
908 1486 1093 1581 α’μνιίμονες
1113 1495 1149 1562 δὲ·
1171 1496 1299 1584 βροτοί,
1330 1498 1385 1566 ὅτι

265 1599 309 1689 μὴ
331 1597 452 1687 σοφίας
471 1597 571 1686 ίίκρον
591 1600 706 1688 ἵκηται.
745 1601 781 1663 ol.
805 1604 839 1679 8,
872 1608 909 1662 11
941 1597 1023 1684 μέγα
1052 1623 1102 1664 τοι
1129 1599 1219 1680 κλέος
1241 1598 1322 1684 αἰεί,
1355 1595 1385 1690 ᾧ

266 1729 391 1770 τινι-
427 1701 569 1789 ίσπηται
596 1701 698 1791 γέρας.
742 1708 778 1768 ol.
802 1710 837 1783 3,
868 1712 918 1770 11.
952 1726 981 1772 n.
1003 1712 1038 1782 3,
1068 1711 1116 1768 71.
1153 1711 1188 1784 9,
1217 1713 1268 1772 44.
1308 1711 1325 1772 i.
1349 1717 1381 1790 1,

267 1815 309 1874 50
331 1815 413 1890 (44);

353 1936 420 1977 eum
442 1915 630 1996 conjunctivo
653 1919 685 1976 et
706 1908 745 1976 όίν
768 1916 833 1976 sive
856 1909 924 1976 κένι
946 1936 974 1996 p.
994 1920 1024 1991 1,
1049 1919 1111 1976 100
1135 1905 1171 1990 ὃς
1190 1908 1230 1978 dv
1247 1909 1383 2004 ἐγκύρσῃ

268 2055 307 2066 -
332 2015 492 2105 στέφανον
514 2013 654 2104 ὕψιστον
677 2015 835 2083 δέδεκται.
869 2041 897 2100 p.
922 2022 957 2096 5,
984 2020 1024 2079 65
1047 2021 1124 2098 (61).
1156 2039 1185 2080 n.
1209 2025 1244 2098 4,
1268 2025 1325 2096 91;

353 2143 420 2185 cum
444 2124 576 2204 optativo
598 2127 630 2184 et
652 2117 721 2186 κίκι
750 2143 778 2185 n.
797 2127 831 2200 4,
857 2127 874 2184 7
900 2124 984 2208 ῥῆμα
1005 2119 1032 2184 d’
1056 2117 1219 2207 ἐργμάτων
1243 2116 1381 2209 χρονιώ-

263 2249 354 2312 τερον
387 2219 542 2310 βιατεόει,
582 2222 633 2289 ὅτι
660 2248 696 2288 κε
724 2223 780 2289 σὺν
811 2220 963 2311 Χαρίτων
990 2217 1070 2310 cipp
1098 2225 1229 2308 γλῶσσα
1265 2225 1382 2313 φρενὸς

264 2325 376 2410 ἐξέλοι.

350 2435 388 2496 Iu
411 2437 548 2498 omnibus
570 2436 606 2496 iis
628 2437 702 2498 locis
730 2437 762 2497 in
784 2435 925 2516 primaria
948 2434 1152 2496 enuntiatione
1175 2436 1306 2515 positum
1328 2441 1377 2497 est

264 2547 317 2602 aut
338 2560 483 2621 praesens
508 2542 560 2602 aut
581 2541 748 2621 perfectum
772 2543 824 2601 ant
847 2542 988 2604 futurum.

352 2680 381 2740 5.
424 2678 461 2740 In
500 2680 658 2740 sententiis
694 2683 847 2761 tempus
885 2679 1084 2741 indicantibus
1128 2681 1376 2742 indicativus

263 2783 399 2864 sequitur
441 2784 665 2864 conjunctiones
701 2785 822 2845 easdem
864 2785 928 2844 fere
963 2803 1038 2865 quas
1079 2785 1159 2866 apud
1194 2784 1376 2849 Homerum:

262 2879 338 2950 ἐπεί
373 2887 572 2969 quinquagies
603 2888 703 2949 semel.
744 2878 859 2974 ἐπειδή
897 2887 991 2949 semel
1017 2889 1035 2951 i.
1056 2893 1088 2967 7,
1118 2893 1143 2950 9.
1182 2882 1237 2951 ὅτε
1275 2891 1376 2952 decies

260 2991 365 3068 (octies
397 3011 476 3068 aon,
510 2993 555 3053 bis
586 2992 683 3072 impt,
721 3012 935 3073 nonnunquam
966 2993 1109 3054 omissum
1143 2996 1191 3054 est
1226 2995 1375 3071 verbum).

261 3084 363 3157 ὁπότε
393 3095 494 3157 decies
525 3095 650 3177 (septies
680 3115 760 3172 aon,
789 3096 835 3157 bis
857 3097 955 3178 impi,
987 3097 1079 3158 semel
1110 3097 1183 3176 fut).
1230 3087 1299 3158 είτε
1326 3097 1374 3157 bis

261 3199 368 3278 (semel
389 3217 460 3276 aor,
483 3200 578 3261 semel
597 3199 698 3281 impi).
721 3192 817 3262 ἁνίκα
840 3201 931 3281 (quod
951 3201 982 3261 in
1000 3201 1168 3262 Homericis
1190 3201 1371 3262 carminibus

259 3321 319 3364 non
337 3301 450 3382 legitur
467 3303 524 3364 nisi
537 3324 565 3380 χ,
590 3306 678 3382 198),
695 3304 794 3364 sexies
817 3306 877 3384 (ter
892 3324 962 3384 aon,
979 3305 1130 3386 bisimpf,
1146 3306 1374 3386 semeipsos).

260 3397 339 3488 πρίν
361 3409 408 3467 ter
430 3406 609 3468 indicativus
633 3426 692 3468 aor.
721 3403 828 3491 (octies
851 3408 1017 3471 infinitivus
1038 3405 1123 3494 τωο).
1163 3395 1202 3483 ἇς
1225 3410 1278 3487 (=
1301 3403 1374 3487 ἕως)

259 3512 354 3571 semel
382 3530 450 3572 cum
477 3510 559 3590 impf.
587 3511 623 3571 ol.
648 3515 704 3588 11,
730 3512 768 3571 51
802 3499 840 3586 ἇς
866 3504 948 3596 ίίρχε.
994 3505 1081 3597 ὄφρα
1108 3531 1261 3594 nunqnam
1291 3513 1374 3594 apud

257 3614 421 3676 Pindarum
444 3617 564 3694 tempus
587 3633 697 3694 pumm
719 3615 877 3694 significat.

345 3717 414 3781 Non
434 3719 580 3798 leguntur
602 3719 683 3800 apud
702 3718 866 3782 Pindarum
890 3711 979 3801 όίχρι,
1012 3713 1119 3802 μέχρι,
1158 3713 1246 3798 ἔστι,
1282 3707 1371 3803 ἦμος.

258 3819 411 3902 (Krueger
430 3821 507 3884 Dial.
528 3819 613 3902 Synt.
637 3823 693 3900 54,
721 3827 777 3900 16,
801 3825 840 3901 1.)

345 3940 635 4024 Oonjunotivus
666 3945 736 4023 post
765 3942 1005 4023 conjunctionem
1033 3933 1136 4007 ὁπότε
1163 3942 1276 4022 legitur
1305 3943 1371 4004 sine

257 4039 298 4107 ίίν
321 4047 410 4126 frgm.
432 4048 490 4123 45,
513 4049 553 4107 14
576 4047 608 4107 et
629 4047 716 4126 frgm.
735 4050 770 4123 2,
793 4050 851 4122 47;
872 4044 1031 4127 praeterea
1053 4049 1124 4128 post
1144 4046 1370 4126 conjunctiones

257 4168 324 4211 oum
348 4142 388 4212 ι’ίν
410 4150 607 4232 compositas:
634 4143 711 4212 ὅταν
733 4149 838 4210 novies
860 4153 919 4225 (ter
941 4152 1148 4233 conjunctivus
1169 4169 1242 4228 aer,
1266 4151 1369 4212 sexies

254 4256 374 4334 praes).
398 4245 524 4317 ὁπόταν
546 4255 592 4314 bis
615 4251 724 4335 (semel
744 4272 813 4329 aon,
832 4255 926 4316 semel
944 4256 1072 4339 praes),
1096 4256 1190 4317 semel
1208 4257 1369 4336 praeterea
