3066 4928
1235 286 1274 346 75

154 489 251 559 πων,
283 468 504 557 τετελεσμένον
526 471 620 540 ἐσλὸν
638 472 682 561 μίγ
702 472 802 559 χαμαί
826 477 902 562 σιγᾷ
921 471 1077 562 καλύψαι.
1116 475 1153 538 cl·.
1175 479 1210 551 2,
1234 477 1274 537 92

156 576 346 665 αὐδάσομαι
374 579 517 670 ἐνόρκιον
546 575 655 666 λόγον,
692 584 805 647 τεκεῖν.
847 604 875 666 p.
906 587 943 662 4,
972 586 1012 646 85
1045 573 1158 644 πόθον
1189 571 1275 642 τόνδῗ

157 680 353 772 αέενἭρα,
377 685 420 774 μή
440 709 512 752 τινα
530 684 641 769 μένειν.
678 711 707 772 p.
732 693 767 765 2,
792 692 832 751 22
853 676 968 765 Ἰξίονα
991 681 1087 771 φαντί
1107 686 1207 748 ταῦτα
1229 678 1275 747 λε’-

157 811 229 876 γειν
250 830 293 842 -
316 790 373 858 τὸν
394 787 617 877 εὐεργέταν-
640 787 802 857 τίνεσθαι.
836 814 864 876 p.
886 797 919 870 9,
943 796 983 854 41
1007 777 1090 854 τοῦτ’
1113 782 1277 853 αίδέονται

163 936 202 946 -
230 899 343 977 τυχεῖν.
385 919 413 962 n.
438 905 474 976 3,
506 903 548 962 29
578 893 694 962 ἕπεται
724 893 761 960 δὲ
788 889 872 980 λόγῳ
902 891 995 972 δίκας
1021 888 1145 971 ἀωτος·
1183 888 1276 966 ἐσλὸς

159 997 264 1066 αἰνεῖν
284 1005 441 1086 cequdatir
453 1001 534 1084 flor,
557 1003 706 1082 (addicet)
728 1007 762 1066 td
784 1002 890 1065 laudes
909 1004 998 1068 bonas
1019 1005 1107 1064 circa

253 1105 371 1178 Quibus
389 1107 463 1168 locis
485 1109 648 1168 adnumero
670 1127 698 1168 n.
719 1112 755 1183 1,
778 1110 819 1167 27
842 1097 1015 1186 ἐσσόμενον
1034 1101 1183 1188 προϊδεῖν
1206 1120 1276 1184 συγ-

161 1204 252 1293 γενὲς
274 1196 326 1286 οἷς
349 1203 480 1286 ἕπεται,
512 1211 563 1272 ubi
595 1211 627 1272 in
655 1209 897 1292 interpungendc
917 1207 1139 1270 Mommseuum
1159 1226 1278 1290 sequor,

161 1317 265 1376 motus
289 1314 433 1397 imprimis
452 1317 675 1397 comparatione
694 1319 866 1377 structurae
887 1313 978 1374 ctiam
997 1312 1178 1387 audacioris,
1200 1329 1278 1396 quas

162 1419 278 1500 legitur
301 1439 330 1481 n.
355 1423 412 1495 10,
439 1422 481 1482 50
505 1407 541 1481 ori
564 1411 681 1498 θαῦμά
703 1437 815 1504 σφισιν
837 1413 961 1500 ἐγγενὲς
981 1409 1078 1498 ἔμμεν
1100 1409 1279 1502 ἀεθληταῖς

164 1513 339 1604 ἀγαθοῖσι,
370 1524 422 1585 ubi
451 1523 632 1585 infinitivum
662 1543 730 1588 cum
754 1524 856 1586 dativo
886 1522 1077 1603 conjunctum
1107 1521 1278 1604 appositum

166 1647 236 1690 esse
266 1631 340 1712 puto
369 1628 408 1689 ad
430 1633 571 1690 neutrum
597 1628 737 1709 adjectivi
760 1621 896 1709 ἐγγενές,
928 1626 1008 1707 quod
1032 1627 1159 1708 subjecti
1179 1628 1278 1689 locum
1401 1679 1404 1684 i

165 1735 268 1808 tenet,
291 1734 326 1793 ut
347 1731 582 1794 construendum
603 1733 658 1793 sit:
688 1753 746 1796 οοο
768 1734 881 1794 mirum
901 1733 968 1810 (est)
992 1733 1144 1815 ιἰιγονιῖιιοι
1166 1750 1279 1807 aarum,

165 1841 201 1900 ιιέ
222 1838 282 1898 sint
304 1835 374 1900 δονεῖ
393 1840 567 1913 sedatorem
589 1837 685 1898 lenior
708 1844 791 1898 esset
813 1839 982 1913 structura,
1006 1838 1032 1896 si
1053 1835 1173 1896 additus
1196 1837 1280 1896 esset

166 1940 325 2004 articulus:
348 1934 386 2002 τό
404 1958 518 2024 σφισιν
537 1935 675 2021 ἐγγενὲς,
699 1932 798 2020 ἔμμεν
811 1976 862 2002 -.
892 1939 982 2002 Certe
1003 1941 1094 2002 etiam
1111 1939 1180 2001 alibi
1198 1940 1280 2020 apud

166 2044 331 2106 Pindarum
359 2045 486 2125 subjecti
517 2046 615 2107 locum
642 2045 673 2106 in
703 2045 854 2108 sententia
883 2046 993 2125 longae
1023 2045 1174 2106 interdum
1203 2051 1234 2105 et
1262 2063 1279 2104 c

166 2149 270 2210 multis
293 2149 394 2210 verbis
416 2149 598 2230 compositae
621 2149 787 2210 locutiones
808 2153 928 2226 tenent,
951 2151 976 2230 §-
997 2153 1053 2226 14,
1077 2152 1110 2226 4,
1135 2150 1161 2211 d.

255 2257 283 2328 c)
312 2251 349 2313 In
373 2254 479 2314 ecdem
500 2254 631 2315 carmine
660 2254 826 2316 infinitivus
848 2253 938 2315 etism
961 2255 1108 2334 objecti
1134 2255 1200 2315 loco
1227 2273 1280 2334 po·

167 2357 244 2418 situs
269 2359 332 2418 est:
362 2377 389 2419 n.
411 2360 469 2435 10,
494 2360 535 2420 58
557 2357 685 2436 τοῦτον,
709 2350 730 2442 ἢ
751 2350 894 2437 πάμπαν
919 2352 1000 2433 θεὸς
1021 2353 1158 2438 ἔμμεναι
1180 2350 1281 2419 οἰκεῖν

167 2449 194 2522 τ’
218 2448 359 2544 οὐρανῷ,
384 2453 475 2524 εῖλεά
500 2454 616 2537 nirdam
639 2462 675 2522 ci.
695 2463 772 2523 inira
794 2463 830 2524 cl.
852 2467 887 2538 2,
910 2466 971 2523 107
994 2464 1071 2542 (97).

256 2565 288 2642 d)
317 2564 525 2628 Articulus
554 2567 746 2648 praepositus
774 2574 823 2628 est
845 2567 993 2630 infinitivo
1017 2567 1174 2649 aliquoties
1200 2567 1280 2648 apud

168 2669 347 2745 Pindarum,
375 2669 419 2730 ita
441 2673 541 2732 tamen
563 2678 598 2732 ut
619 2671 785 2732 infinitivus
807 2673 916 2752 ubique
938 2675 1040 2734 teneat
1060 2673 1122 2734 vim
1142 2673 1228 2733 verbi
1250 2675 1282 2732 et

169 2793 237 2836 cum
260 2773 375 2854 objecto
398 2773 504 2836 aliisve
526 2775 745 2855 supplementis
767 2775 944 2856 plerumque
966 2776 1143 2857 conjunctus
1166 2776 1221 2849 sit;
1250 2778 1282 2837 st

169 2877 297 2958 subjecti
324 2877 444 2959 quidem
467 2878 549 2940 vices
574 2881 659 2939 tenet
680 2878 846 2941 infinitivus
868 2881 915 2941 his
938 2881 1026 2942 locis:
1060 2881 1096 2942 ol.
1119 2885 1154 2957 9,
1179 2883 1220 2941 37
1242 2871 1280 2939 τό

169 3003 204 3064 γε
233 2979 421 3067 λοιδορῆσαι
450 2979 550 3056 θεοὺς
579 2977 684 3065 ἐχθρά
715 2977 826 3066 σοφία.
871 2988 911 3046 38
943 2979 998 3048 καῖ
1030 2980 1067 3047 τό
1098 2983 1282 3062 καυχᾶσθαι

170 3082 262 3169 παρὰ
283 3081 395 3169 καιρόν
416 3079 584 3166 μανίαισιν
606 3080 791 3170 ὑποκρέκει.
831 3089 868 3149 ol.
889 3094 923 3166 8,
949 3093 998 3151 59.
1026 3094 1067 3151 60
1089 3084 1127 3152 τδ
1152 3080 1249 3164 διδάξ
1271 3123 1282 3133 -

171 3193 255 3254 σθαι
278 3185 314 3254 δέ
334 3211 387 3252 τοι
407 3183 508 3253 εἰδότι
534 3185 681 3276 ῥᾴτερον·
713 3183 860 3273 όίγνωμον
890 3187 926 3255 δὲ
947 3189 985 3256 τδ
1011 3189 1055 3279 μὴ
1082 3193 1281 3274 προμαθεῖν.

169 3317 197 3376 p.
221 3300 256 3370 1,
287 3299 326 3356 99
357 3289 395 3356 τδ
426 3289 461 3358 δὲ
492 3294 619 3356 παθεῖν
649 3285 685 3356 εδ
712 3296 844 3379 πρῶτον
873 3289 1002 3360 όίθλων·
1038 3286 1072 3359 εὖ
1104 3295 1132 3359 d’
1156 3285 1284 3359 ἀκούειν

173 3401 251 3480 (sins
276 3399 428 3477 articulet)
458 3393 588 3482 δευτέρα
610 3399 717 3485 μοῖρα.
758 3423 787 3484 p.
807 3406 841 3478 2,
865 3401 905 3463 56
935 3397 973 3463 τδ
996 3401 1148 3464 πλουτεῖν
1170 3396 1206 3464 δέ
1229 3398 1284 3464 σὺν

134 3519 136 3522 ·
169 3496 249 3589 τόχρι
279 3498 406 3583 πότμου
437 3495 556 3587 σοφίας
585 3495 725 3585 ἀριστον.
767 3527 797 3574 n.
815 3508 850 3581 5,
881 3509 920 3568 18
950 3501 1065 3568 καὶτὸ
1088 3507 1182 3587 σιγᾶν
1205 3503 1284 3568 πολ-

170 3600 263 3683 λάκις
286 3601 356 3670 ἐστί
380 3602 580 3690 οοφιότατον.
615 3627 643 3667 n.
665 3612 700 3684 8,
722 3611 765 3669 44
786 3605 824 3671 τὸ
846 3607 874 3672 δ’
897 3599 988 3684 αὖτις
1007 3604 1082 3670 τεάν
1106 3605 1210 3693 ψυχὰν
1233 3629 1284 3671 κο

170 3706 263 3792 μίξαι
287 3705 325 3774 od
347 3731 404 3791 μου
425 3706 566 3774 δυνατόν.
591 3712 626 3772 ol.
641 3716 670 3787 2,
693 3714 733 3774 56
754 3715 821 3792 (51)
843 3709 881 3776 τὸ
903 3709 939 3777 δέ
962 3713 1066 3792 τυχεῖν
1085 3705 1285 3797 πειρώμενον

172 3809 310 3897 ἀγωνίας
332 3807 491 3898 παραλύει
515 3807 705 3902 δυςφρόνιυν.

264 3920 383 4002 Objecti
414 3921 479 3982 loco
507 3921 673 3983 infinitivus
703 3941 772 3983 cum
799 3923 927 3985 articulo
956 3924 1074 4005 positus
1110 3928 1158 3985 est
1191 3925 1286 3986 semel

172 4029 209 4090 ci
233 4032 268 4103 2,
292 4030 352 4087 107
373 4028 456 4104 (97),
485 4027 537 4087 ubi
559 4027 704 4108 scriptum
729 4028 829 4088 estin
851 4029 1015 4090 codicibus:
1046 4023 1084 4092 τό
1107 4025 1286 4114 λαλαγῆσαι

172 4127 281 4196 θέλων
301 4124 424 4217 κρύφον
445 4151 480 4193 τε
502 4125 604 4213 θέμεν
625 4128 725 4194 ἐσλῶν
747 4131 857 4208 καλοῖς
884 4127 1003 4216 ἔργοις,
1034 4138 1070 4196 ut
1091 4131 1128 4196 τό
1152 4131 1285 4216 λαλαγῆ-

174 4255 231 4300 σαι
259 4237 368 4317 objecti
395 4236 427 4296 in
454 4235 576 4296 modum
605 4236 848 4316 conjungendum
879 4237 919 4297 sit
947 4255 1015 4297 cum
1044 4239 1136 4300 verbo
1166 4231 1285 4313 θέλων,

174 4341 253 4422 quod
275 4357 429 4420 nunquam
456 4339 526 4401 alibi
549 4340 753 4401 accusativum
779 4339 887 4420 objecti
916 4339 1042 4401 asciscit.
1089 4338 1192 4410 Quare
1213 4339 1286 4401 mihi
