3066 4928
1243 279 1262 337 7

151 474 273 555 generis
310 475 439 556 pluralia
471 473 696 554 conjunguntur
729 490 798 532 cum
831 469 979 548 singulari
1011 487 1137 530 numero
1169 468 1263 530 verbi.

153 578 243 652 Quod
270 578 345 639 nihil
368 577 552 639 difficultatis
582 577 690 651 habet,
718 575 769 635 ubi
791 592 829 634 ea
848 572 969 634 nomina
990 571 1086 633 mixta
1113 572 1184 632 sunt
1211 573 1265 633 aut

151 702 220 744 cum
243 682 447 761 singularibus
469 678 523 742 aut
544 699 612 742 cum
633 679 765 753 neutris,
786 679 823 738 ut
843 697 871 758 p.
889 680 947 752 10,
969 680 1009 737 41
1034 673 1127 739 νόσοι
1147 671 1175 737 d’
1192 667 1264 737 υέτε

150 786 247 870 γῆρας
275 779 430 869 κέκραται
464 776 535 868 ἱερᾷ
562 785 665 868 γενεᾷ.
716 781 862 843 Fortasse
893 780 984 842 etiam
1014 781 1102 860 frgm.
1129 781 1188 857 45,
1223 781 1263 840 15

152 894 232 969 (cum
250 889 489 967 Schneidewino)
511 879 569 950 ἰ’ων
590 878 694 970 φόβαι
718 876 797 970 ῥόδα
819 906 855 947 τε
877 885 1013 966 subjecta
1033 884 1171 946 habenda
1193 886 1265 946 eunt

151 995 312 1073 utriusque
334 993 419 1054 verbi
440 987 594 1072 βάλλεται
617 994 648 1052 et
668 982 822 1072 μίγνυται.

240 1097 302 1158 Sed
333 1097 440 1176 negari
473 1114 533 1156 non
568 1096 684 1176 potest,
715 1112 930 1174 nonnunquam
961 1111 980 1154 a
1008 1091 1137 1154 Pindaro
1173 1092 1265 1154 etiam

152 1202 210 1264 soli
227 1201 391 1263 masculino
414 1202 467 1262 aut
486 1199 628 1260 feminino
649 1198 839 1259 substantivo
867 1196 992 1278 pluralis
1015 1197 1133 1257 numeri
1155 1199 1265 1258 ante-

152 1307 323 1388 positum
356 1323 425 1365 esse
458 1304 586 1364 verbum
616 1301 786 1382 singulare,
823 1301 876 1362 ubi
904 1303 995 1382 poeta
1021 1319 1072 1361 res
1099 1300 1265 1382 dequibus

151 1410 254 1490 agitur
275 1410 360 1471 velut
373 1426 465 1470 unam
484 1407 636 1468 notionem
656 1408 759 1467 mente
773 1406 949 1486 complexus
959 1401 985 1482 1)
1005 1404 1126 1466 nonita
1140 1405 1266 1467 multam

150 1515 256 1577 habuit
278 1513 425 1574 rationem
448 1509 639 1590 sequentium
660 1508 874 1571 vocabulorum
902 1509 1116 1589 grammaticas
1142 1511 1266 1576 formas.

153 1618 244 1688 Quod
272 1617 385 1677 factum
413 1615 461 1674 est
488 1615 518 1674 in
547 1614 716 1692 fragmento
746 1612 964 1693 dithyrambico
988 1612 1096 1673 alacris
1122 1633 1196 1675 sane
1220 1613 1265 1674 vi-

151 1723 243 1802 vique
262 1719 424 1781 sermonis:
446 1718 609 1796 frgm.'45,
633 1721 682 1778 16.
702 1721 741 1777 17
761 1703 887 1794 α’χεῖται
905 1704 932 1776 τ>
948 1707 1053 1800 ὀμφαὶ
1072 1711 1193 1796 μελέων
1210 1711 1267 1778 σὺν

152 1818 279 1902 αὐλοῖς,
310 1819 436 1901 άχεῖται
455 1815 597 1900 Σεμέλαν
623 1809 829 1899 ἑλικάμπυκα
848 1812 955 1902 χοροί;
983 1823 1066 1901 etp.
1089 1824 1140 1896 10,
1164 1825 1202 1882 71
1231 1815 1265 1882 ἐν

152 1921 182 1991 d'
205 1920 363 2010 ἀγαθοῖσι
393 1924 498 1986 κεῖται
527 1918 694 2007 πατρώϊαι
716 1918 827 1985 κεδναὶ
854 1916 981 1986 πολίων
1003 1914 1206 2006 κυβερνάσιες
1234 1923 1265 1984 in

152 2033 283 2095 carmine
304 2032 343 2092 ab
365 2029 591 2090 adulescentulo
612 2030 702 2109 poeta
724 2029 887 2108 composito
912 2029 951 2106 (si
975 2029 1095 2108 quidem
1115 2029 1191 2090 fides
1213 2029 1265 2090 ha-

152 2136 251 2197 benda
274 2136 322 2194 est
343 2132 523 2193 scholiastae
546 2133 623 2192 hanc
649 2131 830 2212 scripturam
852 2131 1039 2209 defendenti,
1065 2135 1171 2194 contra
1192 2133 1265 2193 alte-

153 2257 233 2299 ram:
257 2235 402 2312 κεῖνται).

240 2338 312 2399 Tria
339 2337 467 2417 denique
496 2336 563 2416 ejus
593 2339 763 2398 structurae
784 2338 925 2417 exempla
944 2336 1102 2399 Pindarica
1128 2358 1265 2419 agram-

153 2444 269 2506 maticis
290 2443 382 2504 allata
404 2442 490 2517 sunt,
515 2440 674 2503 admodum
697 2461 770 2503 sane
792 2443 935 2521 obscura,
957 2443 1060 2504 confer
1079 2444 1169 2524 frgm.
1193 2448 1266 2512 265.

154 2553 216 2611 286
247 2547 292 2609 ed.
313 2546 444 2608 Boeckh.
467 2580 508 2589 —
542 2545 604 2607 Sed
633 2548 669 2608 ol.
694 2551 771 2624 8,8
801 2547 972 2610 Bceckhius
998 2549 1109 2630 optime
1132 2551 1267 2613 restituit

153 2645 252 2728 λιταί;
290 2654 321 2712 et
358 2672 386 2733 p.
421 2654 455 2726 9,
494 2653 534 2710 32
574 2644 777 2731 κεχείμανται
810 2654 935 2734 pluralis
966 2654 1052 2715 verbi
1086 2658 1181 2718 forma
1214 2657 1265 2717 ha·

152 2757 251 2818 banda
273 2759 328 2818 est.

241 2860 341 2930 Quam
367 2859 498 2919 maxime
525 2878 598 2920 vero
619 2861 784 2920 tenendum
804 2860 941 2940 videtur,
971 2863 1063 2924 talem
1084 2865 1267 2926 structuram

153 2965 420 3027 antecedente
439 2963 559 3023 nomine
580 2983 733 3044 nunquam
752 2965 882 3027 inveniri
903 2965 984 3049 apud
996 2965 1173 3042 Pindarum;
1196 2987 1266 3030 nam

154 3071 262 3144 ol.10,
285 3074 306 3130 4
329 3058 516 3151 μελιγάρυες
537 3061 643 3146 ὕμνοι,
667 3060 808 3154 ὑστέρων
828 3058 910 3150 άρχά
928 3063 1029 3154 λόγων
1045 3066 1192 3134 τέλλεται
1212 3067 1267 3134 καὶ

153 3166 271 3236 πιστὸν
292 3164 400 3255 ὅρκιον
423 3164 576 3252 μεγάλαις
604 3163 735 3254 ἀρεταῖς
762 3173 854 3252 longe
880 3173 982 3250 aliter,
1015 3193 1105 3255 quam
1126 3175 1159 3234 in
1180 3157 1267 3256 praa*

152 3277 327 3339 cedentibus
351 3275 516 3356 exemplis,-
545 3294 595 3335 res
619 3295 652 3336 se
672 3276 781 3351 habet,
808 3295 899 3356 quum
927 3277 1014 3337 verbi
1041 3297 1187 3339 numerus
1218 3298 1266 3340 ac·

153 3381 327 3442 comodatus
350 3378 390 3439 sit
418 3378 457 3438 ad
478 3378 649 3458 proximum
671 3398 781 3440 nomen
803 3369 901 3461 άρχά,
932 3379 1066 3459 subjecto
1094 3399 1150 3460 per
1174 3399 1266 3463 appo·

153 3485 292 3545 sitionem
324 3482 477 3555 additum3
513 3482 644 3542 fortasse
675 3481 766 3543 etiam
794 3499 924 3563 sequens
961 3482 1128 3563 subjectum
1160 3477 1267 3568 ὅρκιον

158 3676 360 3685 .-.-.---—-—-

225 3796 250 3855 1)
274 3794 445 3842 Mommsenus
468 3791 595 3840 Pindaros
620 3807 678 3856 pag.
698 3795 744 3842 5⁷:
775 3806 848 3842 wenn
870 3791 915 3841 der
937 3790 1027 3841 Plural
1049 3793 1209 3858 vorangeht‚
1236 3810 1266 3844 so

153 3879 245 3929 isidis
263 3877 522 3942 Indiridnalisierung
539 3877 582 3928 des
600 3876 726 3941 Begriffee
750 3877 786 3926 im
805 3877 946 3928 Einzelnen
964 3877 1076 3927 dadnrch
1094 3881 1264 3931 veranschan-

153 3965 232 4026 licht;
263 3981 319 4014 cum
343 3980 393 4030 qna
415 3964 584 4029 explicatione
609 3963 694 4013 confer
720 3979 783 4028 quae
807 3963 826 4026 t.
847 3971 875 4026 l,
902 3969 926 4014 3.
945 3969 969 4014 4.
994 3965 1082 4016 notari
1107 3965 1223 4018 facillimi
1249 3983 1265 4018 a

154 4050 263 4115 singulis
286 4051 361 4102 rabne
387 4050 419 4100 ad
437 4049 567 4114 generales
593 4049 729 4100 sententias
748 4050 871 4100 transitus
891 4050 1064 4116 exempla-
1091 4051 1190 4102 Eodem
1207 4052 1264 4104 loco

153 4139 323 4188 Mommsenns
346 4137 484 4187 rectissime
504 4139 622 4201 annotat,
650 4136 678 4186 in
696 4135 811 4185 omnibus
829 4135 862 4186 iis
879 4135 943 4186 locis
960 4152 1012 4187 non
1027 4141 1123 4188 mutata
1139 4139 1265 4189 sententia

153 4223 264 4288 supponi
287 4237 362 4286 posse
387 4223 463 4273 etiam
487 4223 642 4288 singularem
666 4237 809 4285 numerum
844 4221 940 4273 similes
967 4227 1098 4287 praeterea
1119 4223 1264 4289 linguarum

154 4309 325 4362 semiticarum
344 4324 404 4360 usus
422 4314 559 4374 comparat.
