3066 4928
1233 292 1274 356 81

254 492 284 552 4.
321 487 412 550 Haud
434 507 503 548 raro
526 521 571 532 —-
590 487 668 568 quod
693 505 759 547 oum
783 485 884 547 vivido
904 477 936 547 et
957 486 996 547 ed
1017 505 1163 566 personas
1178 487 1277 548 omnia

186 592 309 654 aierenti
332 591 452 672 ingenio
478 595 586 671 poetae
609 591 764 670 (9144)
789 591 901 670 optime
922 591 1081 650 convenire
1103 589 1278 651 videtur—

209 697 218 756 i
247 699 432 756 memoratur
461 693 538 755 aetio
567 694 729 773 quaedam,
759 712 836 772 quae
867 710 959 753 eausa
988 690 1046 754 fuit
1074 693 1201 774 alicujus
1224 696 1278 772 rei,

225 800 317 860 danus
340 818 400 862 non
424 817 463 858 ex
487 798 639 858 abstracta
660 795 712 858 illa
737 797 853 858 actione
876 815 942 858 eam
958 814 1021 856 rem
1042 797 1182 859 evenisse
1198 798 1278 875 dioit,

254 922 306 964 eos
328 902 410 983 ipsos
434 902 583 977 homines,
613 903 651 962 de
674 901 782 980 quibus
804 901 922 980 agitur,
953 901 1111 962 substituit
1133 905 1279 982 tanquam

257 1025 308 1065 res
331 1007 398 1086 ejus
421 1013 566 1079 eventus,
594 1003 740 1065 actionem
769 1004 865 1084 ipsam
892 1003 1049 1084 participio
1073 1005 1110 1065 iis
1133 1005 1278 1067 tribuens.

271 1128 298 1168 ·n
321 1108 398 1170 dixit
417 1129 445 1189 p.
470 1112 520 1184 11,
541 1111 597 1169 22:
627 1108 800 1190 Ipiipem'ae
828 1108 993 1170 immolatio
1021 1109 1191 1171 stimulavit
1210 1109 1279 1190 om-

170 1216 396 1288 toemmeetrom,
418 1211 488 1272 sed:
509 1215 575 1294 ι’ρεο
598 1211 753 1293 Ιρλίραυέο
775 1210 947 1286 immodum
977 1211 1063 1290 eujus
1084 1229 1158 1272 usus
1182 1247 1222 1256 -
1246 1214 1277 1273 in

170 1315 309 1377 Romana
328 1316 434 1396 lingua
454 1313 706 1394 frequentissimi,
727 1314 808 1396 apud
820 1311 953 1375 Graecos
968 1318 1075 1395 poetas
1091 1335 1150 1376 non
1165 1317 1279 1397 pariter

170 1420 407 1501 pervulgati-
428 1419 568 1499 exempla
591 1421 662 1480 sunt
683 1417 853 1479 Pindarioa:
875 1436 903 1498 p.
929 1423 977 1496 11,
1004 1423 1045 1480 22
1068 1410 1208 1502 πότερόν
1232 1441 1281 1482 νιν

171 1514 219 1605 ἱέρ’
246 1513 402 1605 Ἰφιγένει’
424 1508 477 1581 ἐπ’
498 1508 633 1604 Εὐρίπῳ
661 1521 849 1604 σφαχθεῖσα
869 1557 913 1566 -
934 1513 1075 1596 ἔκνισεν,
1104 1543 1132 1604 p.
1157 1527 1192 1601 3,
1218 1528 1279 1584 102

170 1617 352 1705 (Ἀχιλλεὺς)
376 1613 478 1707 ὦρσεν
496 1619 575 1705 πυρὶ
597 1616 769 1704 καιόμενος
795 1619 831 1686 εἰι
852 1622 992 1685 Δαναῶν
1012 1615 1095 1705 γόον.
1137 1645 1167 1690 n.
1191 1629 1221 1704 4,
1237 1631 1278 1690 34

172 1720 277 1812 ἐρύκει
296 1748 336 1809 με
356 1721 482 1806 τεθμὸς
502 1714 582 1808 αἷραι
601 1714 628 1787 τ’
652 1721 866 1808 ἐπειγόμεναι.
909 1727 927 1787 i.
952 1729 985 1804 4,
1010 1731 1051 1788 54
1075 1729 1142 1808 (43)
1164 1751 1281 1814 μαρτυ-

173 1824 268 1916 ρήσαι
298 1851 351 1892 κεν
381 1825 479 1905 πόλις
502 1821 653 1904 Αἴαντος
683 1821 888 1912 ὀρθωθεῖσα.
930 1851 960 1912 p.
985 1833 1020 1907 5,
1041 1835 1080 1892 21
1105 1833 1151 1914 τῷ
1176 1851 1213 1894 σε
1235 1830 1279 1918 μὴ

173 1929 305 1996 λαθέτω
328 1925 461 2017 Κυράνα
482 1969 524 1979 -
546 1923 717 2014 άειδομένα
732 1933 942 1995 eMommseni
965 1934 1122 2016 scriptura.
1144 1957 1171 2018 p.
1186 1941 1215 2013 3,
1230 1939 1279 2000 55.

174 2041 204 2115 4,
228 2043 299 2100 151.
321 2039 358 2101 m

263 2179 292 2236 5.
318 2171 547 2236 Praedieati
566 2175 695 2255 denique
717 2176 805 2238 modo
827 2176 1017 2258 partieipium
1039 2179 1160 2240 additur
1179 2180 1282 2241 multis

175 2278 277 2339 verbis
298 2279 389 2340 etiam
413 2278 494 2358 apud
516 2277 688 2340 Pindarum.

264 2401 293 2474 a)
315 2399 408 2460 verba
431 2403 543 2461 statum
565 2399 695 2481 aliquem
717 2400 783 2460 sive
806 2400 1004 2461 conditionem
1025 2401 1240 2481 significantia:

261 2495 350 2583 εἰμι’
372 2523 402 2567 n.
424 2506 480 2578 10,
504 2506 544 2564 18
565 2490 704 2584 βαίνοιά
729 2496 809 2564 ἐστι’.
854 2523 883 2567 n.
907 2508 936 2581 9,
959 2509 1000 2566 32
1031 2499 1099 2567 ἐντὶ
1121 2489 1284 2589 φίλιπποι

174 2601 230 2668 καὶ
253 2601 396 2668 κτέανων
420 2601 527 2689 ψυχὰς
549 2598 672 2683 {ponec
691 2600 871 2689 κρέσσονας.
916 2604 977 2667 Sed
999 2625 1092 2686 aegre
1107 2608 1171 2668 fero
1193 2609 1284 2670 iuter·

175 2709 377 2791 pretationem
391 2709 449 2770 looi
469 2709 633 2771 difficillimi
654 2729 682 2789 p.
706 2713 735 2785 2,
759 2712 798 2769 72
820 2700 911 2789 γένοι’
933 2695 1002 2782 οἷος
1024 2703 1097 2771 ἐσσὶ
1116 2706 1234 2790 μαθών
1249 2744 1283 2761 =

177 2799 247 2888 οἷος
268 2807 393 2894 έλιαθες
415 2799 531 2889 (εἶναι).

265 2925 340 3011 ἔχω
367 2953 435 2995 oum
462 2931 751 3017 partieipioaoristi
780 2933 987 3011 oonjunotum,
1024 2933 1170 2996 usitatum
1206 2937 1286 3016 apud

178 3037 329 3116 tragicos,
350 3055 447 3118 neque
470 3035 664 3098 Homericum
686 3039 735 3095 est
756 3053 854 3114 neque
876 3033 1074 3096 Pindaricum.

270 3147 452 3237 τυγχάνω
474 3175 503 3216 n.
521 3160 549 3232 1,
564 3158 605 3217 49
628 3149 721 3231 τάχον
744 3143 924 3236 ἀρήγοισαι.
970 3151 1031 3214 Sed
1049 3159 1170 3231 n.7,11
1196 3149 1225 3218 εἰ
1248 3153 1285 3220 δέ

178 3252 256 3343 τάχῃ
277 3279 327 3334 τις
347 3254 447 3342 ἔρδων
470 3259 559 3320 aliter
576 3257 728 3338 explicare
750 3256 868 3333 malim,
888 3257 923 3318 oi.
945 3257 970 3335 S.
994 3258 1052 3332 14,
1076 3261 1103 3318 3.

268 3358 488 3446 διέρχομαι
503 3363 520 3423 i
538 3367 567 3438 3,
583 3366 622 3424 22
647 3356 824 3435 θάλλοντες
839 3355 1018 3444 διέρχονται
1038 3353 1113 3440 βίου
1127 3357 1227 3438 τέλος.

267 3467 305 3529 ολ
332 3468 361 3541 8,
378 3470 426 3530 ,29
449 3465 544 3528 τοῦτο
567 3457 722 3550 πράσσων
744 3460 789 3548 μὴ
810 3454 945 3544 κάμοι.

267 3560 462 3632 λανθάνω
483 3569 520 3633 ol.
537 3574 571 3644 6,
588 3573 628 3630 36
651 3561 753 3630 ἔλαθε
771 3563 962 3630 κλέπτοισα.
981 3568 1018 3629 ol.
1035 3572 1091 3643 11,
1108 3573 1127 3629 3
1150 3556 1289 3653 ὀφείλων

181 3665 368 3732 ε’τιιλέλαθα
389 3673 511 3748 (oblitus
532 3675 620 3750 emm).
667 3671 704 3733 ol.
729 3677 764 3745 1,
788 3673 828 3730 64
852 3664 996 3748 λαθέμεν
1019 3662 1129 3752 ἔρδων.

269 3766 402 3858 φαίνω
417 3777 454 3839 oL
469 3780 568 3852 9,103
585 3779 659 3856 (96).
682 3775 699 3836 i.
717 3778 745 3849 1,
759 3777 800 3834 29
814 3775 889 3853 (25).
902 3807 942 3817 -
954 3774 1034 3850 (oum
1049 3773 1100 3838 inf.
1115 3795 1144 3856 p.
1160 3779 1210 3852 10,
1224 3779 1289 3856 40).

273 3879 385 3956 σχεῖν
400 3905 442 3934 =
457 3900 559 3943 ονοονε
583 3880 720 3941 similiter
741 3878 933 3958 oonjunotum
956 3879 1005 3938 est
1026 3895 1094 3938 oum
1117 3882 1290 3943 accusativo

186 3981 336 4064 participii
358 3984 377 4046 i.
394 3987 422 4059 3,
440 3987 479 4044 72
503 3975 589 4068 όφρα
605 4019 645 4030 -
663 3977 820 4068 ἐρέφοντα
842 3974 957 4057 σχέθοι
980 3985 1013 4042 ut
1036 3984 1291 4067 semimodium,

182 4088 387 4168 quominus-
404 4091 524 4168 teperet.

269 4207 301 4284 b)
324 4208 419 4268 verba
440 4207 603 4284 sentiendi,
632 4209 662 4268 in
693 4207 800 4288 quibus
831 4208 885 4267 aut
917 4206 956 4266 ad
986 4207 1153 4286 subjeetum
1178 4206 1291 4267 autad

183 4307 334 4388 objectum
355 4311 488 4390 pertinet
511 4310 714 4390 partieipium:

227 4427 382 4481 Erdmann,
401 4429 439 4470 De
451 4428 546 4470 Pindari
560 4439 603 4469 unu
617 4429 752 4480 syntaotioo.
1053 4415 1072 4482 6
