3066 4928
255 237 298 295 86

338 419 376 480 In
399 421 579 498 singulis
600 439 673 482 vero
696 417 927 480 sententiae
947 420 1131 500 partibus
1153 421 1283 500 contigit
1296 420 1375 482 Pin-

252 524 342 600 dero,
371 526 406 587 ut
436 525 531 585 multo
562 525 657 604 major
693 523 778 604 copia
817 525 1038 618 structurarum
1070 524 1099 584 ei
1130 531 1252 606 praesto
1282 529 1373 586 esset

254 645 344 706 quam
365 625 514 703 Homero,
545 627 644 688 minus
671 630 773 688 autem
802 627 867 706 ejus
900 645 1016 702 sermo,
1047 647 1137 707 quam
1158 631 1265 710 postea
1286 628 1371 689 Atti-

254 749 358 790 corum
386 731 567 811 scriptorum
593 731 705 806 oratio,
734 730 825 791 certis
853 731 973 810 legibus
1002 733 1203 812 loquendique
1229 733 1371 794 formulis

258 833 420 896 obstrictus
443 838 541 908 asset;
563 853 655 913 quare
666 833 839 910 Pindarum,
859 834 889 894 in
905 836 1095 896 conectendis
1111 836 1370 898 enuntiationibus

256 937 525 1018 simplicissimum,
562 957 679 998 summa
706 938 738 998 in
769 937 897 1016 singulis
925 937 1124 1000 locutionibus
1154 939 1200 1000 uti
1228 940 1370 1001 videmus

254 1042 395 1104 libertato
417 1045 449 1102 et
470 1042 627 1106 varietate.

346 1162 396 1223 Ita
425 1162 551 1223 articulo
580 1162 664 1223 vario
701 1163 791 1224 modo
826 1182 901 1222 usus
938 1166 987 1225 est
1015 1162 1179 1239 Pindarus,
1214 1183 1371 1244 nunquam

256 1268 361 1328 tamen
380 1265 552 1327 necessario
576 1265 613 1344 (ἓ.
637 1267 685 1340 8);
714 1269 822 1328 neutra
850 1267 1067 1346 adjectivorum
1096 1267 1273 1348 saepissime
1296 1270 1370 1328 tan-

259 1387 352 1448 quam
375 1369 566 1430 substantiva
587 1369 749 1450 usurpavit
769 1369 806 1448 (§.
827 1374 854 1446 1,
870 1371 919 1447 5);
942 1371 1129 1432 accusativos
1152 1375 1184 1432 et
1205 1371 1371 1452 adjectivo-

258 1493 328 1533 rum
348 1477 379 1534 et
396 1473 547 1534 interdum
577 1473 834 1534 substantivorum
858 1473 960 1554 posuit
981 1473 1190 1535 adverbiorum
1216 1474 1296 1552 loco,
1324 1476 1372 1536 ita

259 1581 377 1652 tamen,
405 1581 440 1637 ut
468 1595 529 1637 non
554 1576 665 1657 ubique
696 1595 751 1638 eae
778 1596 868 1638 voees
891 1595 1016 1637 casuum
1038 1582 1188 1638 exuerent
1214 1578 1371 1640 notionem

257 1681 294 1758 (5.
310 1683 341 1756 4,
357 1680 484 1757 3-5);
505 1716 550 1726 -
570 1679 661 1740 etiam
679 1680 752 1741 alios
772 1698 861 1740 casus
883 1680 1034 1741 interdum
1056 1684 1201 1760 tanquam
1223 1682 1371 1744 adverbia

258 1783 420 1863 usurpavit
442 1782 481 1862 (5.
506 1788 534 1859 6,
559 1787 608 1844 11.
633 1784 698 1861 13);
724 1783 998 1864 praepositionibus
1021 1783 1105 1846 vario
1129 1785 1218 1846 modo
1239 1788 1272 1846 et
1293 1805 1368 1848 non-

258 1905 412 1966 nunquam
434 1887 629 1966 singulariter
654 1907 729 1950 usus
750 1893 799 1947 est
826 1887 874 1964 (ci.
895 1877 1071 1949 Bosslerum
1093 1891 1125 1950 et
1151 1888 1176 1967 ξ.
1202 1892 1231 1964 6,
1255 1893 1274 1949 8
1298 1891 1369 1969 sq.);

258 1991 346 2052 modo
375 1990 494 2052 casibus
522 1991 595 2051 solis
630 1991 814 2069 (accusativo
844 1993 869 2071 §-
893 1994 948 2065 49;
975 1991 1076 2051 dativo
1104 1989 1130 2070 ς.
1154 1996 1190 2068 6,
1214 1990 1370 2078 11-13),

129 2139 130 2142 ,
258 2094 347 2156 modo
373 2094 644 2175 praepositionibus
673 2096 787 2170 locum,
816 2097 937 2173 tempus
962 2093 1076 2154 aliasve
1104 2094 1370 2157 determinationes

259 2197 392 2273 notavit;
427 2197 596 2279 promiscue
625 2217 700 2258 usus
729 2199 777 2258 est
811 2200 920 2277 (aeque
947 2201 1039 2276 atque
1068 2196 1231 2273 Homerus)
1263 2199 1368 2261 dativo

258 2302 482 2362 instrumentali
514 2306 545 2362 et
581 2301 753 2364 accusativo
791 2301 961 2381 respective
999 2301 1036 2380 (ξ.
1058 2303 1093 2377 6,
1111 2304 1164 2378 9),
1201 2303 1301 2364 activo
1337 2307 1370 2364 et

262 2405 360 2465 medio
398 2406 436 2484 (ᾖ.
462 2409 495 2483 9,
529 2405 575 2481 2),
611 2405 753 2484 genetivo
790 2407 822 2464 et
857 2404 959 2465 dativo
996 2407 1066 2486 post
1098 2406 1193 2466 verba
1227 2407 1373 2486 tangendi

263 2509 291 2586 §-
312 2511 347 2583 6,
375 2512 406 2581 7;
428 2511 483 2569 etc.

352 2649 380 2706 2.
424 2643 486 2722 Ea,
510 2663 599 2725 quam
623 2643 701 2722 dixi,
724 2643 810 2724 copia
829 2643 1014 2706 locutionum
1036 2645 1214 2726 saepissime
1236 2647 1280 2708 ita
1299 2667 1374 2708 usus

264 2752 313 2810 est
333 2749 499 2825 Pindarus,
528 2753 563 2810 ut
592 2747 823 2810 variaretur
850 2748 1040 2828 periodorum
1057 2751 1222 2810 'structura
1267 2750 1375 2830 Longe

264 2853 344 2914 enim
366 2854 454 2914 abest
476 2857 564 2914 vates
586 2851 747 2914 Thebanus
774 2853 812 2914 ab
835 2855 975 2914 adcurate
1002 2855 1034 2912 et
1059 2853 1209 2932 exquisita
1233 2853 1374 2914 dictionis

264 2956 488 3035 distributione,
502 2976 589 3038 ¹quae
611 2956 724 3017 similes
745 2956 914 3017 sententiae
928 2967 1032 3036 partes
1055 2955 1143 3016 simili
1167 2956 1257 3018 etiam
1280 2976 1374 3019 enun-

263 3061 421 3122 tiationum
442 3061 663 3140 verborumque
685 3060 906 3122 constructione
927 3060 1071 3120 denotare
1092 3060 1211 3136 studet,
1233 3061 1289 3120 sed
1310 3060 1374 3122 ubi-

265 3184 324 3242 que
361 3164 458 3224 denuo
494 3167 638 3243 surgente
672 3164 807 3225 oratione
843 3166 982 3224 recentes
1021 3181 1140 3244 semper
1176 3166 1209 3224 et
1241 3165 1373 3226 mutatas

264 3268 406 3348 loquendi
432 3269 543 3330 formas
569 3268 679 3349 promit
707 3287 793 3328 mens
816 3268 919 3329 multis
941 3287 977 3330 ao
999 3267 1163 3348 praeclaris
1186 3268 1274 3330 iactis
1297 3269 1374 3330 cele-

266 3371 390 3433 brandis
411 3373 529 3433 intenta
550 3372 712 3450 virideque
735 3372 773 3432 ab
795 3372 854 3432 alia
878 3371 916 3432 ad
938 3371 1028 3432 aliam
1048 3391 1114 3432 rem
1137 3372 1308 3433 decurrens.

355 3509 459 3580 Quare
478 3527 571 3589 saepe
594 3506 708 3589 periodi
728 3510 848 3592 partes,
880 3527 956 3589 quae
975 3507 1055 3570 idem
1077 3509 1197 3587 valent,
1228 3509 1306 3589 quod
1336 3510 1376 3569 ad

267 3613 448 3674 sententiam
468 3613 592 3688 attinet,
611 3612 695 3673 vario
720 3613 807 3674 modo
830 3612 1032 3672 conformatae
1055 3613 1140 3687 sunt,
1168 3613 1204 3672 ut
1223 3611 1376 3673 interdum

267 3718 365 3780 altera
386 3717 475 3778 alteri
498 3716 705 3797 subjiceretur.
751 3716 820 3786 Quo
843 3716 874 3776 in
904 3733 1016 3794 genere
1041 3715 1202 3793 vulgatum
1224 3719 1273 3777 est
1294 3717 1376 3798 apud

265 3819 445 3898 Pindarum,
475 3821 641 3882 actionibus
668 3839 723 3900 per
753 3819 911 3901 participia
939 3817 1123 3879 enumeratis
1153 3817 1289 3880 ultimam
1312 3821 1376 3899 (vel

266 3923 400 3998 ultimas)
422 3924 515 3984 verbo
537 3924 621 3985 finito
645 3923 756 3985 addere
777 3923 824 4001 (ci.
849 3921 971 3982 Disseni
993 3922 1072 4002 expl.
1093 3922 1111 3982 i.
1136 3925 1164 3998 3,
1188 3925 1256 4001 lll:

352 4043 371 4102 i.
393 4047 422 4119 3,
446 4047 561 4106 9-13
584 4035 655 4105 ἔστι
677 4036 836 4124 Μελίσσῳ
856 4039 956 4124 μοῖρα
971 4037 1062 4123 ’πρὸς
1084 4033 1284 4125 εὐφροσύναν
1303 4037 1374 4125 τρέ-

267 4154 333 4224 ψαι
352 4142 498 4227 γλυκεῖαν
527 4137 618 4231 ἦτορ,
653 4138 857 4226 δεξαμένῳ
884 4140 1060 4227 crepante
1082 4181 1126 4190 —-
1145 4140 1187 4206 τὰ
1219 4139 1256 4208 δὲ
1279 4139 1375 4230 κοίλᾳ

265 4245 395 4327 λέοντος
417 4243 451 4312 ἐν
472 4240 562 4335 νάπᾳ
584 4239 734 4332 κάρυξε
758 4239 869 4333 Θήβαν
892 4283 937 4292 -
957 4243 1108 4335 κρατέων.
