3066 4928
244 215 285 274 38

329 396 511 458 Addendum
532 399 581 458 est
600 416 617 457 e
638 394 817 460 Mommseni
839 393 989 476 scriptura
1018 394 1055 456 ol.
1080 399 1115 470 1,
1143 397 1183 457 89
1207 385 1354 473 ἀρεταῖσι

243 490 414 582 μεμαάιας.

328 602 547 665 Nonnullorum
569 602 660 664 etiam
682 601 898 682 adjectivorum
922 621 1019 682 genus
1046 601 1220 664 femininum
1250 603 1353 664 dativo

243 725 317 768 casu
339 705 549 768 adverbiorum
568 705 600 766 iu
620 706 742 766 modum
762 705 894 785 positum
915 710 979 768 est:
1003 704 1039 765 ol.
1059 710 1094 782 9,
1118 710 1181 766 110
1202 699 1355 790 δαιμονίᾳ

243 831 311 872 σανα
331 809 454 872 δεονυννι
477 810 595 872 aurelio
619 812 665 888 (ut
680 809 709 868 B
731 813 793 872 367
815 802 1001 894 θεσπεσίῃ).
1026 811 1062 872 ol.
1079 813 1114 888 8,
1139 814 1189 874 23.
1210 830 1239 872 u.
1257 815 1286 886 8,
1302 815 1352 875 20.
1410 845 1412 851 ·

244 911 352 998 πολλᾷ
373 912 551 992 παλίῷονιῖ.
585 933 614 993 p.
638 917 694 990 11,
717 915 758 974 42
781 904 871 997 άλλᾳ.
905 913 991 992 frgm.
1013 917 1091 991 239,
1115 918 1133 975 3
1156 905 1222 998 ἰ’σᾳ.

331 1014 403 1082 ΠΙ.
439 1017 550 1078 Restat
572 1017 692 1078 dativus
715 1018 837 1079 looum
861 1021 893 1079 et
913 1022 1068 1099 tempus
1088 1019 1232 1082 indieans.

333 1127 382 1186 12.
418 1121 600 1184 Locotivi
630 1122 743 1184 veteris
769 1122 895 1184 formam
921 1141 939 1184 a
961 1123 1063 1186 dativo
1092 1123 1262 1205 separatam
1291 1141 1355 1183 ser-

245 1226 330 1287 vavit
351 1224 500 1288 Pindarus
526 1227 558 1288 in
580 1227 703 1290 voeibus
728 1219 860 1307 Ἰσθμοῖ
890 1229 922 1289 et
942 1227 1057 1290 Πυθοῖ
1072 1225 1110 1305 ¹);
1144 1227 1213 1290 alibi
1233 1227 1356 1289 dativus

244 1331 311 1410 ejus
339 1349 427 1392 εοεαε
458 1331 541 1392 vioes
576 1332 724 1412 suscepit;
761 1352 855 1412 quare
890 1335 1081 1415 saepissime,
1116 1333 1296 1416 praesertim
1323 1333 1357 1393 in

244 1436 437 1498 victoriarum
459 1437 534 1498 loeis
555 1438 771 1514 memorandis,
799 1438 919 1500 urbium
940 1439 1060 1500 nomina
1082 1439 1182 1501 dativo
1204 1456 1277 1499 easu
1303 1457 1357 1517 po-

245 1540 303 1602 site
325 1540 439 1615 looum,
471 1541 582 1622 inquo
610 1541 721 1622 aliquid
746 1546 867 1621 gestum
894 1546 958 1620 est,
991 1543 1123 1604 indicant
1156 1542 1258 1621 (etiam
1288 1560 1358 1602 oum

245 1644 394 1726 adjectivo
415 1645 589 1725 oonjunota:
614 1665 644 1725 p.
663 1649 697 1722 7,
721 1650 760 1708 11
783 1645 922 1708 Πυθῶνι
944 1640 1020 1732 δίᾳ).
1037 1681 1077 1692 -
1101 1645 1259 1708 Interdum
1278 1646 1359 1706 tales

245 1749 340 1810 dativi
367 1748 476 1810 omisso
506 1751 597 1810 verbo
626 1768 694 1810 oum
717 1749 790 1810 solis
817 1750 986 1810 nominibus
1016 1750 1174 1831 oonjunota
1197 1753 1284 1826 sunt,
1319 1750 1358 1812 od

246 1855 270 1934 §-
292 1856 348 1928 14,
371 1857 400 1914 e.

332 1955 430 2037 Saepe
448 1976 521 2017 vero
541 1957 632 2017 etiam
646 1955 868 2036 praepositione
888 1950 922 2018 έν
942 1977 1017 2018 usus
1033 1958 1082 2018 est
1096 1955 1253 2034 Pindarus,
1275 1958 1361 2018 haud

244 2079 313 2122 raro
335 2060 503 2142 promiscue
524 2079 592 2122 oum
614 2060 695 2122 nudo
718 2060 834 2122 dativo:
863 2059 975 2136 ol13,
1002 2063 1041 2121 98
1061 2049 1190 2140 Ἰσθμοῖ
1211 2055 1252 2123 τά
1272 2052 1298 2122 τ’
1323 2056 1359 2123 ἐν

244 2159 363 2250 Νεμέᾳ.
395 2186 423 2246 p.
440 2168 476 2241 5,
497 2167 537 2225 70
559 2159 614 2228 καί
630 2158 860 2245 Λακεδαίμονι
879 2199 916 2208 -
941 2157 1095 2246 ἕν’Άρχει
1116 2184 1152 2226 τε
1174 2159 1231 2226 καὶ
1253 2160 1358 2250 ζαθέᾳ

243 2261 390 2353 fletur)

334 2373 434 2436 Etiam
456 2378 557 2437 terrae
581 2376 702 2438 nomina
727 2376 878 2437 interdum
904 2375 985 2435 nudo
1015 2373 1115 2435 dativo
1145 2373 1243 2453 posita
1272 2375 1352 2434 sunt:

248 2499 275 2540 n.
297 2484 333 2558 4,
357 2482 395 2541 51
423 2475 519 2554 Θέτις
539 2481 650 2564 κρατεῖ
674 2473 783 2563 Φθίᾳ·
816 2470 1047 2557 Νεοπτόλεμος
1074 2475 1101 2539 δ’
1117 2470 1262 2562 Ἀπείρῳ
1291 2475 1354 2541 δια-

248 2577 380 2669 πρυσίᾳ.
423 2604 451 2645 n.
471 2588 512 2646 10
519 2586 570 2661 ,5
601 2575 765 2667 Αἰγύπτῳ
794 2577 836 2644 τὰ
862 2573 1041 2666 κατῴκισεν
1069 2575 1163 2667 άοτη;
1194 2585 1226 2644 et
1247 2582 1357 2644 montis

248 2707 358 2750 nomen
380 2709 408 2770 p.
429 2694 463 2766 1,
487 2693 528 2752 39
550 2689 715 2774 Παρνασῷ
738 2709 756 2750 e
779 2688 927 2768 scriptura
949 2686 1134 2748 Mommseni.

334 2793 431 2856 Multo
454 2795 574 2876 saepius
596 2813 687 2875 quam
705 2793 799 2856 Attici
822 2792 982 2873 scriptores
1003 2791 1094 2853 etiem
1116 2792 1148 2852 in
1166 2791 1357 2873 appellativis

249 2896 445 2960 substantivis
468 2920 543 2960 usus
564 2904 613 2961 est
640 2899 742 2961 dativo
764 2897 853 2960 looali
873 2897 1035 2959 Pindarus:
1073 2917 1100 2977 p.
1121 2899 1156 2974 5,
1180 2900 1219 2958 31
1242 2890 1367 2958 toan

249 2995 441 3078 Κασταλίας
462 2996 624 3079 ξενωθείς.
648 3008 744 3084 p.11,
765 3007 805 3066 63
828 2997 847 3063 έ
852 2999 872 3064 δ
878 3020 994 3086 ροισι
1013 2993 1191 3083 Θεράπνας.
1219 3001 1256 3063 ol
1271 3007 1298 3078 7,
1315 3004 1356 3062 87

248 3099 440 3169 νώτοισιν
461 3095 654 3191 Ἀταβυρίου
682 3101 812 3188 μεδέων.
856 3128 883 3188 p.
908 3110 987 3184 3,4
1016 3097 1124 3191 άρχειν
1151 3097 1357 3188 βάσσαισι

248 3204 384 3274 Παλίου.
421 3231 449 3272 n.
473 3217 508 3289 6,
531 3217 571 3275 29
594 3215 704 3297 μυχῷ
724 3203 879 3287 Ἑλλάδος
901 3203 1041 3286 ἁπάσας.
1078 3213 1114 3274 ol.
1137 3217 1194 3288 11,
1217 3216 1257 3274 33
1289 3232 1357 3290 μυ-

247 3315 338 3392 χοῖς
358 3308 473 3398 ἥμενον
490 3307 622 3390 ’Άλιδος
644 3317 685 3396 (p.
708 3318 743 3391 8,
767 3318 806 3376 79
829 3314 938 3397 μυχῷ
961 3303 987 3375 τ’
1004 3309 1039 3377 ἐν
1061 3315 1295 3398 Μαραθῶνος).
1329 3336 1357 3376 n.

250 3424 308 3496 10,
332 3422 372 3480 58
396 3413 496 3482 οἰκεῖν
518 3412 677 3503 οὐρανῷ.
709 3441 736 3500 p.
758 3424 794 3496 4,
816 3422 879 3481 244
898 3419 986 3482 κεῖτο
1006 3413 1142 3504 λόχμᾳ.
1177 3420 1213 3481 ol.
1235 3424 1292 3496 11,
1315 3423 1357 3482 30

248 3517 438 3602 λόχμαισι
461 3511 638 3598 δοκεάσαις.
676 3544 704 3605 p.
726 3528 762 3599 3,
784 3526 824 3585 26
849 3513 994 3606 εὐνάσθη
1015 3517 1235 3604 λέκτροισι
1258 3516 1356 3600 ξένον.

250 3630 287 3691 ol.
309 3633 344 3704 6,
374 3631 413 3689 31
448 3618 555 3712 κρύψε
582 3623 619 3690 δὲ
641 3621 826 3713 παρθενίαν
853 3616 954 3692 ὠδῖνα
984 3619 1171 3702 κόλποις.
1208 3649 1236 3708 p.
1258 3633 1293 3706 9,
1314 3632 1355 3690 82

320 3829 345 3894 1)
370 3829 394 3878 E
413 3827 529 3879 looativis
550 3831 606 3878 orta
623 3828 740 3880 videntur
760 3832 893 3894 praeterea
916 3827 1035 3880 adverbia
1058 3827 1194 3892 nonnulla,
1217 3832 1247 3878 ut
1264 3833 1359 3898 χαμαί

250 3916 282 3967 ol.
301 3922 332 3981 3,
351 3921 393 3968 45.
419 3915 517 3982 άβοατί
533 3930 557 3966 n.
577 3920 606 3980 8,
627 3919 666 3966 10.
691 3913 819 3982 ἐγκονητί
836 3931 860 3966 n.
879 3921 910 3980 3,
930 3919 971 3966 35.
999 3917 1071 3965 οἴκοι
1089 3930 1280 3980 nonnunquam,
1298 3915 1357 3966 alia.

319 4001 346 4068 2)
369 4001 472 4053 Bossler
490 4001 518 4050 iu
534 4000 601 4051 libro
624 4006 762 4053 memorato
779 4016 839 4067 pag.
856 4006 888 4052 85
915 4001 956 4050 his
980 4004 1006 4051 et
1024 4001 1149 4052 similibus
1166 4001 1229 4051 loeis
1249 4017 1357 4067 praepo-

249 4088 368 4140 sitionem
385 4086 417 4138 ad
434 4091 566 4152 utrumque
585 4103 677 4138 nomen
695 4087 823 4152 pertinere
843 4091 942 4150 censet,
969 4088 1036 4152 quod
1055 4088 1082 4138 in
1102 4087 1217 4138 omnibus
1236 4087 1358 4156 ejusmodi

249 4175 370 4240 exemplis
389 4175 483 4226 laetum
500 4189 555 4224 esse
571 4189 638 4238 nego
656 4174 698 4240 (ol.
712 4174 742 4226 de
759 4173 857 4224 variato
876 4189 987 4225 sermone
1000 4175 1106 4225 Pindari
1119 4175 1137 4240 l.
1152 4180 1193 4239 14,
1211 4173 1252 4240 2);
1273 4190 1357 4240 quam-

249 4263 289 4316 vis
306 4262 336 4314 de
354 4257 482 4314 nonnullis
501 4259 612 4310 dubitari
628 4275 703 4326 posse
721 4260 862 4313 concedam.
