3066 4928
1240 247 1282 305 4⁷

263 430 325 492 Soli
356 433 555 514 adjectivi
583 434 852 515 superlativo,
888 453 948 496 non
976 454 1044 496 cum
1069 436 1188 498 nomine
1214 453 1283 495 con·

146 536 290 614 juncto,
321 537 367 597 bis
389 537 581 618 praepositus
606 542 655 598 est
683 537 826 598 articulus
848 538 905 616 ita,
937 541 971 600 ut
998 559 1159 620 personam
1180 542 1281 600 notam

152 645 194 699 et
210 643 220 659 '
234 641 346 702 claram
375 643 547 702 denotaret:
582 661 610 702 n.
636 648 669 719 1,
692 644 733 703 64
761 635 818 704 καί
839 664 912 703 τινα
935 679 975 690 -
998 639 1055 706 τὸν
1083 635 1282 727 ἐχθρότατον

151 744 258 827 φᾶσε
281 767 328 806 νιν
351 737 465 807 δώσειν
484 740 581 830 μόρῳ.
612 765 640 806 11.
658 750 715 822 10,
737 750 777 808 13
801 738 822 809 δ
841 745 869 809 δ’
885 738 972 830 didm
991 742 1151 831 φέρτατος
1161 746 1183 825 ¹)
1203 734 1280 809 ἵκετ’

152 841 195 922 ἒς
225 842 333 910 κείνου
352 845 475 931 γενεάν,
502 845 576 912 ἐπεὶ
598 887 640 896 -
663 843 835 913 ἀθανάτων
858 847 1008 932 βασιλεὺς
1029 845 1128 914 αάλάν
1149 848 1282 938 ἒςῆλθεν

153 942 289 1036 σπέρμ’
318 941 508 1033 ἀδείμαντον
536 949 643 1038 φέρων
668 947 852 1040 Ἡρακλέος.
895 954 965 1035 (Uhi
987 958 1190 1037 superlativus
1213 979 1281 1020 oon-

150 1059 293 1138 junctue
318 1062 366 1118 est
394 1078 460 1120 cum
482 1060 618 1135 nomine,
649 1060 807 1122 articulum
837 1061 968 1142 positum
993 1063 1079 1122 vides
1112 1083 1140 1143 p.
1163 1068 1198 1140 8,
1230 1067 1281 1130 64.

157 1166 232 1238 10,
255 1167 306 1223 24.
333 1183 362 1223 n
388 1166 421 1242 5,
446 1167 496 1228 23.
527 1168 560 1240 7,
582 1168 632 1225 23.
666 1165 683 1225 i.
708 1169 743 1243 6,
767 1166 801 1240 5;
832 1167 976 1228 omissum
997 1167 1033 1227 ol.
1057 1170 1092 1243 2,
1117 1172 1165 1232 77.
1198 1188 1227 1229 n.
1250 1173 1280 1245 6,

156 1269 219 1328 25.
244 1268 342 1345 4,1.)

255 1371 486 1432 Pronomina
507 1373 739 1452 possessiva
758 1373 858 1453 posita
881 1377 951 1434 sunt
971 1394 1039 1435 cum
1054 1376 1179 1438 articulo
1201 1378 1278 1454 ol.5,

158 1479 194 1537 4.
223 1481 273 1536 11.
301 1496 329 1556 p.
353 1479 389 1553 5,
414 1481 463 1537 11.
487 1480 524 1552 ε,
546 1481 596 1540 33.
626 1497 654 1537 n
680 1479 713 1554 1,
739 1481 809 1539 101.
842 1478 915 1555 rr,
938 1484 965 1539 1.
988 1482 1039 1545 aa.
1069 1481 1087 1541 i.
1110 1485 1147 1558 4,
1170 1487 1219 1545 ra.
1248 1505 1277 1564 p.

161 1584 229 1654 11,
253 1580 314 1640 41?
342 1600 370 1640 n.
392 1585 427 1659 4,
455 1582 514 1641 90?

240 1871 265 1937 1)
287 1871 350 1928 Quis
369 1871 403 1920 sit
419 1870 464 1920 ille
484 1887 574 1919 sumnia
582 1873 703 1935 felicitate
713 1875 812 1932 pollens
830 1870 982 1922 ffissentiunt
999 1877 1219 1939 commentatores,
1237 1893 1276 1928 rs·

162 1958 276 2008 ferentes
301 1973 332 2007 ea
351 1957 428 2008 verba
452 1961 497 2007 aut
523 1957 555 2007 ad
578 1957 667 2008 Jovem
695 1957 792 2021 (Schol.
809 1958 915 2024 Bergk.)
939 1963 983 2009 aut
1009 1959 1041 2010 ad
1065 1960 1276 2026 Amphitruonem

166 2045 290 2110 (Boeckh.
309 2045 409 2094 Dissen.
427 2044 575 2094 Mommsen.
595 2044 775 2110 Friederichs.)
795 2050 839 2094 aut
854 2045 886 2096 ad
903 2045 1040 2096 Herculem
1060 2047 1276 2116 (Rauchenetein).

168 2131 233 2180 Mihi
254 2132 386 2196 quominus
404 2130 435 2180 de
451 2129 634 2194 Amphitruone
653 2131 762 2194 cogitem
778 2131 879 2180 obstant
896 2132 957 2181 haec
974 2132 1166 2196 impedimenta:

238 2224 260 2266 1.
280 2217 437 2266 Difficillime
455 2215 544 2266 referri
561 2220 646 2280 potest
663 2221 754 2266 κείνου
774 2217 915 2268 adnomen
933 2214 1002 2274 Ζεύς
1022 2225 1112 2281 1.11,
1140 2219 1206 2284 quod
1224 2235 1276 2270 non

166 2304 308 2370 subjectum
326 2307 364 2353 est
380 2303 495 2368 proxime
515 2303 652 2353 sententiae
677 2302 778 2372 (θρέψε
797 2301 825 2353 δ’
847 2299 968 2372 αίχμάν,
993 2320 1027 2354 sc.
1047 2305 1157 2368 Argos),
1186 2311 1211 2356 et
1228 2323 1275 2372 per

162 2390 330 2453 parenthesin
346 2393 444 2439 tantum
454 2389 554 2438 illatum
566 2389 673 2439 videtur.
705 2387 754 2438 Sed
769 2388 863 2454 ubique
880 2390 932 2440 sere
951 2391 1019 2455 apud
1030 2389 1168 2442 Pindarum
1186 2396 1275 2450 κεῖνος

162 2475 323 2526 referendum
342 2481 381 2526 est
397 2477 429 2526 ad
447 2476 589 2541 proximam
606 2491 755 2541 personam,
783 2475 815 2526 of.
836 2476 868 2526 ol.
883 2481 912 2539 6,
934 2482 975 2534 80,
996 2484 1024 2540 t,
1044 2484 1087 2532 49.
1107 2484 1154 2542 11,
1174 2483 1214 2529 30.
1230 2485 1274 2530 43.

164 2579 191 2628 p.
212 2567 239 2625 9,
258 2569 300 2614 55.
327 2569 358 2626 4,
376 2569 416 2614 85.
437 2569 495 2614 281.
522 2569 551 2624 9,
572 2569 612 2614 95.
633 2580 658 2612 11.
680 2568 709 2625 5,
729 2567 770 2612 30.
792 2567 888 2623 6,17;
913 2578 997 2628 aqua
1014 2562 1162 2628 plerumque
1180 2579 1274 2628 pauco·

165 2664 222 2698 rum
238 2654 336 2699 tantum
354 2650 487 2704 verborum
507 2650 591 2714 spatio
608 2653 747 2714 separatur.
778 2647 861 2704 Quare
874 2649 930 2699 fieri
942 2651 985 2702 vix
1002 2655 1096 2716 potest,
1113 2651 1172 2715 quin
1184 2656 1275 2702 κείνου

163 2735 288 2786 referatur
305 2737 337 2786 ad
355 2737 567 2800 Amphitruonem
584 2736 612 2785 in
629 2735 787 2786 antecedenti
804 2751 880 2784 versu
897 2740 1125 2785 commemoratum.

235 2828 259 2873 2.
284 2823 419 2888 Nunquam
438 2823 619 2886 Amphitruoni
636 2837 651 2871 a
666 2821 779 2870 Pindaro
800 2821 922 2871 tribuitur
940 2818 1032 2887 δ’λβος,
1057 2838 1119 2887 quae
1138 2837 1188 2872 vox
1207 2839 1274 2873 sum·

164 2924 231 2958 mam
248 2910 276 2959 in
295 2909 347 2976 ejus
367 2909 522 2974 cogitatione
547 2908 674 2973 significat
698 2907 860 2968 felicitatem
883 2922 962 2972 neque
981 2911 1041 2973 apta
1056 2907 1174 2959 Heraclia
1197 2925 1273 2973 gene-

163 2996 230 3046 ratio
247 2996 429 3060 Amphitruoni
448 2995 579 3046 felicitatis
597 3010 673 3044 cansa
690 2993 769 3044 fuisse
786 2993 891 3044 dicatur.

240 3087 263 3131 3.
287 3083 373 3148 Aeque
395 3083 481 3146 inepte
499 3081 594 3132 dictum
610 3080 677 3131 foret
694 3081 768 3131 ἵκετο
788 3079 814 3136 ἒς
829 3076 898 3136 Διὸς
914 3074 1015 3146 γενεάν
1033 3080 1062 3130 de
1081 3081 1274 3144 Amphitruone.

163 3168 251 3216 Etiam
275 3168 305 3218 de
322 3168 432 3219 Hercule
458 3166 512 3233 (qui
534 3160 679 3232 appellatur
701 3167 719 3216 i.
738 3172 767 3231 3,
792 3171 823 3217 tc
845 3160 992 3216 κάλλιπον
1015 3161 1099 3231 δ’λβσν
1117 3165 1272 3237 ἀμφέπων)

163 3253 251 3304 innato
270 3255 313 3306 rix
332 3258 395 3319 puto
413 3255 505 3306 dixisse
521 3254 675 3304 Pindarum:
695 3254 769 3304 ἵκετο
789 3252 815 3308 ἐς
832 3247 941 3319 γενεάν.

234 3341 315 3392 Immo
340 3342 377 3392 de
395 3343 476 3394 Jove
501 3358 531 3392 ea
554 3342 631 3392 verba
656 3339 790 3404 intelligo,
815 3354 890 3404 quam
907 3339 1015 3389 maxime
1033 3343 1116 3390 motus
1141 3356 1273 3406 compara·

163 3428 233 3478 tione
249 3427 300 3478 loci
317 3429 376 3490 16,
396 3434 411 3480 5
432 3427 569 3498 δεξαμένα
587 3423 650 3478 τὸν
669 3429 840 3498 φέρτατον
856 3427 962 3487 θεῶν,
984 3421 1059 3478 ὁπότ’
1071 3422 1272 3498 Ἀμφιτρύωνος

165 3513 196 3564 έν
213 3515 357 3586 θυρέτροις
375 3516 488 3570 σταθεὶς
505 3511 607 3580 ἀλοχυν
623 3513 806 3582 μετῆλθεν
822 3508 1047 3582 Ἡρακλείοις
1064 3517 1203 3579 γοναῖς,
1228 3513 1273 3562 ubi

163 3600 191 3649 in
210 3600 297 3650 eadem
312 3616 341 3649 re
359 3599 523 3651 describenda
540 3614 646 3664 prorsus
662 3597 713 3648 fere
731 3597 821 3646 iisdem
838 3593 921 3648 verbis
939 3598 1074 3662 eademque
1092 3599 1271 3649 sententiarum

163 3691 289 3736 structura
304 3703 366 3736 usus
386 3689 424 3736 est
442 3691 526 3753 poeta,
547 3713 580 3724 -
599 3688 653 3737 Nec
672 3701 712 3734 me
732 3683 835 3734 offendit
854 3683 975 3734 similium
994 3684 1127 3735 verborum
1144 3684 1270 3748 repetitio,

163 3789 240 3838 quum
256 3774 332 3823 etiam
351 3773 412 3823 alibi
431 3773 469 3823 ita
485 3789 545 3824 usus
565 3773 600 3822 sit
617 3773 647 3822 P.
667 3769 822 3834 tautologia,
839 3773 869 3820 ut
885 3770 960 3820 initio
978 3770 1088 3821 breviter
1109 3787 1162 3822 rem
1179 3772 1272 3822 factem

163 3875 219 3910 osse
240 3864 406 3924 memoraret,
425 3863 479 3909 tum
494 3860 597 3911 uberius
615 3857 716 3922 singula
734 3861 882 3920 exponeret:
900 3872 924 3908 n.
942 3860 970 3918 5,
989 3862 1020 3906 13
1040 3855 1055 3908 ὁ
1075 3861 1120 3914 τᾶς
1139 3860 1215 3921 θεοῦ,
1237 3855 1271 3910 δν

166 3941 319 4013 Ψαμάθεια
338 3945 404 3996 τίκτ’
425 3945 473 3996 έιτλ
496 3947 608 4018 ῥηγμῖνι
629 3940 743 3996 πόντου.
770 3941 803 3993 ol.
823 3948 850 4005 1,
871 3947 904 3992 40
929 3956 960 3992 σε
980 3944 1144 4011 φθέγξομαι
1164 3972 1197 3982 -
1216 3938 1270 3995 τότ’

164 4029 389 4102 Ἀγλαοτρίαιναν
413 4027 508 4103 άρπά
515 4046 589 4092 σαι,
616 4030 739 4099 δαμέντα
757 4031 859 4101 φρένας
876 4029 963 4098 ἱμέρῳ
978 4031 1143 4097 χρυσέαισιν
1161 4029 1202 4080 ἀν’
1224 4032 1271 4080 λιτ-

162 4133 227 4174 τιοις
251 4115 356 4168 ὕπατον
375 4120 462 4169 ποτὶ
481 4117 578 4187 δῶμα
596 4111 686 4174 Διὸς
708 4117 932 4186 μεταβᾶσαι,
957 4114 1002 4164 ubi
1018 4115 1170 4167 infinitivum
1186 4132 1271 4184 μετα-

162 4205 248 4270 βᾶσαι
267 4202 392 4271 conjungo
411 4220 467 4254 cum
485 4206 585 4276 ἱμέρῳ,
606 4202 636 4253 cf.
656 4203 675 4268 t,
696 4207 742 4267 12,
761 4206 784 4253 3.
802 4229 836 4238 -
855 4201 934 4264 01.1,
954 4207 986 4252 69
1004 4200 1116 4273 ἑτοῖμον
1137 4197 1271 4273 ἀνεφρόν-

164 4302 223 4338 τισε
240 4285 351 4356 γάμον,
370 4286 480 4342 Πισάτα
499 4287 575 4361 παρὰ
593 4285 697 4360 πατρὸς
716 4281 832 4346 εάδοξον
847 4282 1056 4356 Ἱπποδάμειαν
1075 4291 1221 4355 σχεθέμεν.
