3066 4928
243 222 283 280 78

330 405 501 470 (λευκολίνου
521 407 563 470 ita
585 407 732 470 infinitivo
755 426 854 487 neque
875 406 906 468 in
929 405 1098 468 Homericis
1120 403 1266 486 requeis
1286 402 1362 464 Pin-

243 512 308 573 dari
328 513 511 574 carminibus
534 513 666 587 additum
698 513 735 573 cl.
760 518 787 591 1,
813 516 831 573 9
854 516 925 592 post
947 513 1060 596 σοφιῦν
1082 503 1230 596 μητίεσσι
1254 507 1362 590 pergi-

244 623 295 678 tur
316 619 488 678 accusativo
511 617 674 699 participii:
699 607 873 696 ἱκομένους.
897 649 938 659 -

332 724 359 782 6.
397 719 570 782 Infinitivus
601 721 785 782 absolute
814 719 932 800 positus
964 720 1055 780 etiam
1082 719 1161 798 apud
1193 718 1361 780 Pindarum

244 824 375 904 optantis
398 824 463 884 sive
485 823 661 905 imperantis
686 827 741 884 est.
785 823 835 883 Ita
859 823 944 884 vides
965 822 1144 885 infinitivum
1174 823 1205 883 in
1230 823 1360 884 deornm

244 928 515 1009 implorationibus:
551 929 659 1005 olla,
683 932 744 990 109
769 919 847 1006 ὄίνα,
883 923 1053 1012 κούφοισιν
1082 921 1226 989 ἐκνεῦσαι
1252 919 1359 990 ποσίν

244 1032 322 1107 (sine
345 1035 499 1115 subject).
541 1053 569 1114 p.
595 1039 629 1110 1,
655 1036 694 1094 67
726 1033 790 1095 Ζεῦ
817 1027 918 1110 τέλει,
949 1024 1014 1094 αἰεί
1051 1025 1226 1117 διακρίνειν
1261 1023 1359 1114 λόγον

243 1125 430 1220 ἀνθρώπιον
459 1140 540 1216 (eum
570 1157 629 1204 soc.
649 1134 797 1221 subjecti).
841 1137 1000 1199 Accedunt
1015 1139 1179 1200 secundum
1193 1137 1357 1200 Mommse-

245 1261 316 1304 num
341 1242 401 1304 dno
422 1242 494 1304 loci:
523 1263 550 1324 p.
567 1246 596 1321 5,
620 1237 859 1323 trascripta
882 1237 962 1305 θεὸν
990 1233 1095 1306 α’ίτιον
1118 1235 1355 1326 ὑπερτιθέμεν,

244 1347 324 1425 quod
355 1345 404 1408 alii
434 1346 621 1427 conjungunt
651 1366 719 1408 cnm
748 1345 997 1429 praecedentibus
1028 1345 1143 1407 verbis:
1171 1344 1217 1428 τῷ
1245 1362 1282 1406 σε
1311 1339 1356 1430 μὴ

243 1445 383 1516 λαθέτω.
414 1471 442 1532 p.
465 1456 514 1513 11.
538 1455 593 1514 42:
622 1451 747 1530 Μοῖσα,
770 1447 808 1514 τὸ
831 1444 859 1513 δ’
862 1444 949 1515 ἐτεὸν
970 1443 999 1512 εἰ
1021 1443 1199 1533 παρεχέμεν
1218 1444 1356 1512 σινέθευ

244 1549 368 1638 φωνὰν,
398 1541 504 1616 ἄλλοτ’
534 1547 615 1639 ίίλλφ
638 1550 853 1638 ταρασσέμεν;
881 1553 1067 1615 Bceckhius:
1097 1546 1135 1614 τὸ
1161 1546 1197 1614 δὲ
1222 1547 1295 1616 τεόν
1311 1587 1356 1596 -

243 1652 463 1743 ταρασσέμενς
1124 1721 1126 1726 .

330 1766 361 1825 et
375 1763 427 1824 ubi
441 1766 605 1847 praecepta
619 1764 700 1825 vitae
716 1765 888 1825 traduntur:
914 1763 931 1823 i.
941 1768 969 1841 3,
981 1768 1022 1825 33
1039 1757 1093 1824 καί
1107 1755 1220 1847 μηκέτι
1231 1783 1357 1844 μακρο-

243 1862 339 1950 τέραν
356 1859 507 1930 σπεέδειν
523 1857 648 1952 ἄρετάν.
670 1869 767 1948 ζίτςυι.
785 1873 802 1929 7
806 1871 835 1944 3,
852 1872 869 1929 6
893 1861 1041 1941 Σικελίας
1060 1857 1358 1951 ὄχημα-ματεύειν.

243 1973 412 2050 frgm172.
433 1976 490 2034 171
503 1996 510 2032 :
526 1968 569 2056 μὴ
587 1967 671 2055 πρὸς
684 1966 833 2046 ἅπαντας
846 1959 1015 2055 ἀναρρῆξαι
1032 1964 1088 2032 τὸν
1104 1959 1229 2053 ἀχρεῖον
1244 1961 1355 2052 λόγον·

243 2068 460 2158 ἀλλοτρίοισιν
481 2071 525 2161 μὴ
548 2068 744 2160 προφαίνειν
766 2068 818 2150 τίς
834 2069 966 2158 φέρεται
980 2065 1107 2152 μόχθος
1128 2065 1235 2154 ίίμμιν.
1265 2075 1356 2153 lrgm.

246 2183 307 2241 126
323 2173 466 2264 ἐλαφρὰν
484 2171 684 2263 κυπάρισσον
706 2170 836 2264 φιλέειν,
860 2173 915 2241 ἐᾶν
937 2173 974 2240 δὲ
996 2173 1092 2259 νομὸν
1113 2173 1244 2264 Κρήτας
1262 2199 1355 2263 περι-

204 2359 205 2364 ρ
244 2282 353 2362 δαῖον,
384 2283 443 2344 nisi
461 2284 538 2344 forte
560 2284 601 2345 ibi
622 2285 823 2365 conjungendi
850 2287 937 2344 erent
964 2283 1103 2344 infinitivi
1133 2303 1200 2344 cum
1231 2301 1354 2364 pracce-

245 2387 379 2449 dentium
400 2388 561 2449 verborum
585 2390 744 2450 structura„
768 2425 812 2434 -

330 2489 380 2550 Ad
402 2491 540 2551 absolute
562 2490 652 2570 positi
676 2491 816 2552 infinitivi
845 2511 933 2552 nsum
958 2491 1101 2551 accedere
1121 2490 1242 2552 videtur
1262 2491 1356 2551 inter·

244 2596 316 2654 dum
339 2593 520 2670 infinitivnS,
541 2593 593 2654 nbi
612 2594 786 2673 praeclarae
808 2595 977 2656 sententiae
1001 2597 1051 2657 vel
1072 2595 1150 2674 legis
1171 2597 1265 2657 verba
1286 2613 1356 2656 nar·

243 2697 676 2778 mmffimtffi-

333 2809 359 2865 7.
395 2802 449 2863 Bis
486 2797 540 2864 κέν
569 2802 704 2864 additum
733 2806 781 2864 est
809 2803 955 2866 infinitivo
987 2825 1055 2866 cum
1090 2805 1183 2866 verbo
1213 2805 1356 2885 sperandi

244 2908 416 2987 conjuncto:
440 2927 468 2988 p.
490 2912 508 2968 3
515 2956 524 2986 ,
547 2912 606 2967 111
631 2895 737 2969 a'lrciri
762 2900 838 2985 έλμο,
869 2902 962 2982 κλέος
983 2901 1138 2991 εἰρέσθαι
1161 2928 1223 2970 κεν.
1268 2910 1356 2986 cll,

246 3014 311 3071 109
340 3005 389 3075 ἔτι
418 3005 608 3092 γλυκυτέραν
641 3032 695 3073 κεν
725 3003 867 3091 έλπομαι
891 3049 932 3058 --
955 3008 1105 3096 κλεΐξειν,
1145 3014 1196 3074 ubi
1232 3015 1355 3094 praeter

244 3116 362 3178 codices
384 3115 476 3177 etiam
498 3115 726 3177 scholiastarnm
755 3117 914 3199 explicatio
948 3117 1010 3199 (qui
1032 3119 1063 3178 in
1085 3117 1227 3180 hocloco
1250 3137 1355 3179 omnes

244 3223 371 3282 utuntur
393 3223 511 3297 tisturo,
532 3221 564 3280 in
585 3221 684 3301 priore
708 3221 812 3282 aoristi
832 3221 991 3299 infinitivo)
1020 3221 1153 3282 defendit
1174 3221 1356 3284 infinitivum

244 3325 350 3402 futuri,
375 3345 462 3406 quem
485 3326 566 3406 apud
587 3325 706 3386 Atticos
731 3325 894 3405 scriptores
917 3345 984 3386 enm
1012 3317 1051 3386 ίίν
1072 3326 1263 3406 conjunctum
1284 3345 1355 3386 esse

246 3437 339 3509 negat
360 3428 495 3507 Madvig.
517 3431 596 3509 synt.
620 3431 692 3504 173,
711 3428 747 3489 Α.
771 3433 800 3489 2.
823 3464 864 3475 -
899 3429 936 3489 ln
958 3432 1086 3511 utroque
1108 3429 1172 3492 loco
1202 3430 1357 3512 praecedit

245 3533 396 3594 sententia
418 3532 634 3595 conditionalis.
655 3567 697 3577 -

745 3762 769 3842 §-
803 3767 852 3824 13.

540 3917 601 4000 De
630 3917 944 4026 participiorum
972 3944 1062 4002 usu.

336 4140 363 4199 1.
394 4134 555 4216 Participia
575 4134 670 4216 primo
694 4155 763 4197 cum
785 4137 954 4198 nominibus
984 4137 1208 4219 conjunguntur
1234 4137 1292 4213 ita,
1321 4140 1355 4197 ut

245 4259 340 4321 aeque
362 4243 452 4320 atque
476 4239 625 4319 adjectiva
647 4240 821 4320 qualitatem
839 4241 877 4302 iis
900 4261 1020 4324 semper
1034 4242 1246 4303 immanentem
1263 4241 1354 4320 signi
