3066 4928
1228 258 1269 316 23

167 437 287 506 σκόπει
307 434 385 505 άλλο
403 434 626 528 θαλπνότερον
647 434 774 528 άστρον.
797 443 835 506 ol.
852 447 887 520 3,
909 447 971 505 104
994 437 1060 508 ἕντι
1077 435 1171 508 tator
1186 435 1269 506 όδῶν

171 542 240 612 ὁδοὶ
260 541 457 633 περαίτεραι.
483 549 504 612 i.
526 553 560 625 7,
583 551 625 610 34
646 545 797 632 κεραοτοδ
820 541 955 632 κρὲσσον
973 539 1052 611 άλλο
1074 543 1176 629 βόλος.

253 652 410 715 Interdum
437 673 497 716 uou
522 672 646 734 prorsus
669 655 808 716 accurata
835 656 883 715 est
905 654 1103 734 comparatio,
1133 652 1210 715 siout
1232 652 1269 713 ot

173 761 203 832 1,
233 760 251 817 7
281 745 458 837 Ὀλυμπίας
484 749 591 838 ἀγῶνα
621 751 783 842 φέρτερον.
827 777 855 838 p.
883 760 919 833 8,
949 759 987 818 92
1015 758 1082 836 (96)
1114 750 1269 842 κρέσσονα

171 852 308 924 πλοότου
336 855 496 944 μέριμναν.
533 881 561 942 p.
582 864 616 937 5,
645 865 706 922 102
730 861 819 940 (109)
847 855 1003 946 κρὲσσονα
1028 853 1158 937 ἁλικίας
1184 851 1267 938 νόον,

170 965 218 1026 ubi
237 965 399 1045 genetivus
423 966 644 1047 comparativus
665 966 782 1046 positus
805 968 853 1027 est
874 985 928 1048 pro
950 956 971 1051 ἤ
1000 986 1067 1028 cum
1088 965 1154 1046 ipso
1176 983 1268 1043 gana-

169 1071 246 1144 tivo,
279 1071 320 1130 cf.
335 1069 474 1150 Krueger
494 1074 550 1149 47,
582 1074 639 1148 27,
667 1076 693 1132 1.
722 1070 790 1131 diat
812 1074 870 1146 47,
894 1075 950 1148 27,
974 1073 1001 1132 2.
1046 1069 1193 1156 (Positum
1221 1070 1269 1132 est

169 1166 530 1258 iipost‘comparativum
553 1176 589 1237 ol.
610 1179 667 1250 13,
690 1177 760 1236 109.
785 1194 814 1254 p.
837 1178 871 1251 4,
896 1177 966 1235 210.
990 1195 1018 1234 m
1039 1178 1074 1251 7,
1095 1170 1159 1259 21.)

250 1277 356 1357 Aeque
377 1280 475 1360 posita
498 1282 570 1341 sunt
592 1298 660 1340 cum
679 1277 821 1357 genetivo
842 1277 1044 1359 comparativo
1065 1277 1214 1359 adjectiva
1236 1279 1268 1338 et

168 1380 306 1443 adverbia
330 1384 460 1446 notionis
483 1383 720 1464 comparativae:
748 1383 767 1442 i.
788 1386 824 1459 4,
850 1386 868 1443 3
891 1372 1066 1463 περιώσιον
1088 1374 1201 1447 άλλων.
1224 1416 1266 1430 -

167 1481 266 1570 πέραν
286 1507 315 1549 u.
331 1492 366 1566 5,
387 1492 436 1549 21.
459 1489 529 1565 15,
551 1492 606 1562 233
638 1490 683 1564 et,
704 1485 784 1567 quod
802 1485 954 1564 singulare
970 1485 1104 1562 videtur,
1127 1480 1268 1569 περατός

166 1610 195 1651 n.
216 1593 247 1668 4,
273 1595 311 1653 63
340 1584 505 1673 Γαδείρων
524 1587 562 1654 τδ
585 1587 670 1673 πρὸς
692 1583 788 1674 ζόφον
809 1581 845 1664 οὐ
867 1583 1005 1671 περατόν
1029 1591 1114 1654 altro
1135 1589 1268 1655 Gadiroa

166 1695 337 1759 occidentem
365 1717 468 1760 αινειιε
495 1717 552 1759 ooo
571 1691 870 1781 proprcdicadam.¹)
892 1729 936 1738 -
971 1688 1049 1777 πρὶν
1071 1688 1157 1778 δίρας
1186 1716 1216 1776 p.
1237 1698 1266 1771 4,

166 1804 222 1877 43,
251 1801 330 1881 quod
351 1821 507 1881 perrarum
530 1821 598 1861 csse
620 1801 692 1862 dicit
713 1797 789 1862 God.
813 1797 1005 1859 Hermannus
1033 1798 1073 1862 ad
1094 1798 1164 1878 vig.
1188 1802 1265 1875 742;
1338 1849 1342 1858 .

164 1925 220 1966 nec
240 1905 337 1965 minus
358 1907 467 1967 verba:
490 1897 737 1989 παραμείβομαι
757 1923 785 1965 n.
807 1907 861 1979 11,
884 1907 924 1964 13
946 1893 1045 1978 εἴτις
1065 1905 1176 1989 μορφᾷ
1197 1924 1266 1965 πα-

165 2004 353 2088 ραμεύσεται
376 2001 493 2089 ἄλλων,
524 2010 575 2071 ubi
599 2008 770 2070 Boeokhius
799 2010 830 2068 et
850 2005 1056 2068 Mommseuus
1086 2011 1190 2070 contra
1217 2027 1264 2070 co-

164 2111 246 2171 dices
272 2112 458 2192 scripserunt
484 2107 626 2196 μορφάν,
656 2112 752 2174 secuti
780 2114 961 2174 structuram
989 2113 1055 2191 ejus
1075 2112 1161 2173 verbi
1188 2131 1265 2193 quac

163 2213 275 2291 legitur
306 2235 334 2294 p.
361 2218 395 2292 2,
433 2217 474 2276 50
504 2208 742 2299 παραμείβεται
770 2213 922 2298 δελφῖνας
958 2214 1116 2278 νικᾶσθαι
1147 2217 1265 2295 (eadem

163 2317 378 2396 significatione
406 2323 586 2400 usurpatum
615 2339 674 2400 qua
703 2319 783 2400 apud
804 2319 956 2400 prosaicos
985 2319 1147 2400 scriptores
1167 2314 1265 2405 ἡττᾶ-

161 2423 255 2500 σθαι)
285 2442 312 2483 n.
334 2427 370 2498 9,
398 2426 416 2483 2
441 2416 547 2500 ξείνων
566 2417 748 2486 νενίκανται
768 2418 870 2508 θύραι
889 2428 997 2507 μανίαι
1018 2423 1176 2504 inferiores
1195 2430 1265 2490 aunt

157 2527 338 2609 hospitibus,
360 2528 578 2610 superaptari.
600 2548 625 2590 a.
647 2533 839 2592 transeuntur
860 2531 896 2593 ob
918 2530 1091 2613 hospitibus.

245 2627 427 2694 Genetivum
457 2633 632 2714 partitivum
660 2654 728 2695 oum
756 2634 893 2696 verbis
923 2636 1128 2716 conjunctum,
1159 2635 1202 2697 ita
1228 2640 1263 2699 ut

159 2737 241 2796 certa
255 2739 374 2798 tautum
387 2737 432 2797 rei
452 2756 523 2818 pars
543 2739 659 2799 actione
674 2739 759 2799 verbi
781 2738 888 2801 affecta
909 2739 1063 2818 videatur,
1085 2741 1183 2802 cernis
1202 2741 1220 2802 i.
1233 2745 1262 2819 3,

160 2841 198 2898 51
223 2841 287 2898 τῶν
306 2858 342 2899 τε
363 2834 423 2920 γὰρ
448 2836 502 2901 καὶ
523 2839 586 2902 τῶν
610 2839 703 2903 διδοῖ.
726 2843 763 2903 ol.
781 2846 817 2921 3,
842 2847 883 2906 33
904 2845 967 2905 τῶν
984 2864 1032 2904 νιν
1050 2841 1161 2928 ἵμερος
1174 2837 1263 2924 ἔσχεν

159 2973 201 2982 -
226 2939 390 3023 φυτεῦσαι.
419 2961 447 3021 p.
464 2946 499 3018 2,
523 2945 563 3003 90
586 2936 740 3022 στάθμας
759 2939 848 3020 τινὸς
868 2937 1039 3026 ἑλκόμενοι.
1058 2947 1145 3028 srgm.
1161 2953 1220 3034 83,
1243 2956 1259 3012 1

158 3036 282 3126 ε’ραίσων
300 3038 493 3126 δρέπεσθαι.
509 3081 553 3090 -
576 3045 717 3109 Ceterum
731 3049 907 3132 plerumque
921 3052 1061 3132 genetivo
1077 3071 1145 3114 cum
1160 3055 1262 3117 vorbis

157 3148 314 3228 conjuncto
337 3168 460 3210 sensum
479 3150 654 3229 partitivum
674 3153 776 3214 inesse
803 3157 955 3237 probabile
977 3160 1040 3231 cst;
1070 3160 1150 3238 quod
1172 3177 1261 3241 quam

156 3252 286 3314 maxime
307 3251 343 3314 fit
364 3255 396 3312 in
417 3253 517 3314 vorbis
549 3255 808 3320 nanciscendi
836 3263 867 3322 at
898 3262 1104 3340 tangendi,
1133 3283 1260 3344 quorum

156 3357 299 3419 nonnulla
312 3393 357 3402 —
374 3350 485 3438 ψαύω,
507 3354 666 3440 θιγγάνω,
689 3354 840 3443 άπτομαι
861 3384 929 3427 cum
947 3366 1120 3448 compositis
1135 3403 1176 3414 -
1192 3369 1260 3432 Pin-

156 3461 248 3522 darus
270 3462 352 3522 solus
375 3460 466 3522 ctiam
488 3481 556 3523 cum
577 3463 679 3526 dativo
699 3468 870 3548 conjungit
900 3471 935 3532 of.
958 3471 982 3551 ἓ.
1005 3476 1040 3548 6,
1063 3475 1155 3532 7.-
1183 3470 1259 3534 Cum

155 3564 219 3626 solo
235 3565 376 3644 genetivo
400 3566 465 3640 (aut
486 3567 668 3645 accusativo)
691 3573 929 3653 conjunguntur:
948 3570 1090 3655 τυγχάνω
1111 3575 1148 3636 ol.
1164 3579 1193 3653 2,
1209 3580 1258 3640 47.

157 3672 206 3732 51.
244 3690 272 3750 p.
294 3672 329 3744 9,
351 3671 401 3730 41.
432 3672 490 3745 10,
514 3673 563 3731 26.
597 3673 616 3732 i.
639 3677 673 3748 3,
698 3679 747 3735 61.
779 3681 813 3754 7,
838 3682 886 3740 35.
923 3699 951 3760 p.
972 3684 1008 3756 1,
1031 3680 1071 3740 35
1096 3680 1260 3768 secundum
1381 3729 1387 3746 .

158 3772 338 3835 Mommscui
359 3771 550 3854 scripturam
572 3775 704 3838 Boeokh.
727 3772 873 3843 τελευτάν
897 3783 1108 3846 accusativum.
1127 3821 1171 3830 —
1191 3805 1260 3849 cum

157 3894 216 3940 acc.
231 3898 259 3938 n.
274 3880 308 3952 7,
328 3878 377 3938 55.
393 3911 436 3922 -
458 3870 604 3960 λαγχάνω
626 3881 662 3942 ol.
681 3885 735 3959 14,
752 3884 790 3944 2?
812 3884 830 3945 i.
848 3889 876 3962 7,
894 3889 942 3948 64.
964 3889 1050 3968 frgm.
1067 3890 1118 3967 45,
1136 3893 1162 3951 6.
1187 3895 1259 3970 126,

154 3984 185 4043 4.
200 4015 244 4028 -
266 3982 386 4063 saepius
409 4000 477 4044 cum
498 4002 556 4046 aoc.
573 4019 614 4030 -
638 3978 738 4070 κυρέω
756 3987 774 4048 i.
791 3990 825 4066 5,
846 3994 888 4052 36
910 3981 1025 4076 κόρησε
1047 3989 1258 4075 δαινυμένων;

227 4202 252 4269 1)
276 4202 335 4254 Nisi
352 4205 484 4268 genetivus
503 4207 645 4276 Γαδείρων
669 4209 857 4278 conjungendus
881 4219 920 4267 est
942 4231 998 4268 oum
1016 4217 1113 4269 vorbis:
1140 4215 1171 4272 τὸ
1189 4216 1258 4291 πρὸς

155 4285 257 4359 ζόφον,
277 4289 314 4340 ita
331 4295 361 4340 ut
376 4307 405 4342 aa
422 4293 498 4344 verba
516 4294 622 4362 subjecti
639 4297 724 4349 locum
739 4303 847 4350 teneant.
