<?xml version="1.0" encoding="UTF-8"?>
<!DOCTYPE html PUBLIC "-//W3C//DTD XHTML 1.0 Transitional//EN"
    "http://www.w3.org/TR/xhtml1/DTD/xhtml1-transitional.dtd">
<html xmlns="http://www.w3.org/1999/xhtml" xml:lang="en" lang="en">
 <head>
  <title>
</title>
<meta http-equiv="Content-Type" content="text/html;charset=utf-8" />
  <meta name='ocr-system' content='tesseract 3.04.00' />
  <meta name='ocr-capabilities' content='ocr_page ocr_carea ocr_par ocr_line ocrx_word'/>
</head>
<body>
  <div class='ocr_page' id='page_1' title='image "./depindariususyn00erdmgoog_0042.png"; bbox 0 0 3010 4924; ppageno 0'>
   <div class='ocr_carea' id='block_1_1' title="bbox 1168 256 1210 316">
    <p class='ocr_par' dir='ltr' id='par_1_1' title="bbox 1168 256 1210 316">
     <span class='ocr_line' id='line_1_1' title="bbox 1168 256 1210 316; baseline -0.048 0"><span class='ocrx_word' id='word_1_1' title='bbox 1168 256 1210 316; x_wconf 76' lang='grc'>29</span> 
     </span>
    </p>
   </div>
   <div class='ocr_carea' id='block_1_2' title="bbox 43 433 1211 4384">
    <p class='ocr_par' dir='ltr' id='par_1_2' title="bbox 133 433 1211 731">
     <span class='ocr_line' id='line_1_2' title="bbox 135 433 1211 524; baseline 0.005 -24"><span class='ocrx_word' id='word_1_2' title='bbox 135 443 148 500; x_wconf 91' lang='lat' dir='ltr'>i.</span> <span class='ocrx_word' id='word_1_3' title='bbox 168 445 197 516; x_wconf 99' lang='lat'><strong>7,</strong></span> <span class='ocrx_word' id='word_1_4' title='bbox 217 445 261 502; x_wconf 92' lang='lat'>57.</span> <span class='ocrx_word' id='word_1_5' title='bbox 284 476 322 486; x_wconf 88' lang='lat'>—·</span> <span class='ocrx_word' id='word_1_6' title='bbox 346 435 403 520; x_wconf 90' lang='grc' dir='ltr'>μοί</span> <span class='ocrx_word' id='word_1_7' title='bbox 423 462 451 522; x_wconf 89' lang='lat' dir='ltr'>p.</span> <span class='ocrx_word' id='word_1_8' title='bbox 472 445 508 517; x_wconf 85' lang='lat'><strong>8,</strong></span> <span class='ocrx_word' id='word_1_9' title='bbox 529 443 579 506; x_wconf 86' lang='lat'>58.</span> <span class='ocrx_word' id='word_1_10' title='bbox 616 434 696 524; x_wconf 85' lang='grc' dir='ltr'><em>σφίν</em></span> <span class='ocrx_word' id='word_1_11' title='bbox 718 441 755 504; x_wconf 93' lang='lat' dir='ltr'>cl.</span> <span class='ocrx_word' id='word_1_12' title='bbox 778 446 812 518; x_wconf 94' lang='lat'><strong>7,</strong></span> <span class='ocrx_word' id='word_1_13' title='bbox 837 446 876 502; x_wconf 83' lang='lat'>76</span> <span class='ocrx_word' id='word_1_14' title='bbox 907 433 1076 523; x_wconf 78' lang='grc' dir='ltr'><em>ἀπάτερθε</em></span> <span class='ocrx_word' id='word_1_15' title='bbox 1097 477 1141 488; x_wconf 90' lang='lat'><em>-</em></span> <span class='ocrx_word' id='word_1_16' title='bbox 1162 437 1211 504; x_wconf 82' lang='grc' dir='ltr'>κέ-</span> 
     </span>
     <span class='ocr_line' id='line_1_3' title="bbox 135 537 1209 628; baseline 0.001 -23"><span class='ocrx_word' id='word_1_17' title='bbox 135 537 241 624; x_wconf 84' lang='grc' dir='ltr'><em>κληνταί</em></span> <span class='ocrx_word' id='word_1_18' title='bbox 268 561 343 628; x_wconf 82' lang='grc' dir='ltr'><em>σφιν</em></span> <span class='ocrx_word' id='word_1_19' title='bbox 371 539 462 628; x_wconf 80' lang='grc' dir='ltr'><em>έδραι</em></span> <span class='ocrx_word' id='word_1_20' title='bbox 492 549 654 628; x_wconf 79' lang='lat' dir='ltr'>separatim</span> <span class='ocrx_word' id='word_1_21' title='bbox 685 549 803 608; x_wconf 81' lang='lat' dir='ltr'>vocotus</span> <span class='ocrx_word' id='word_1_22' title='bbox 832 549 900 608; x_wconf 81' lang='lat' dir='ltr'>sunt</span> <span class='ocrx_word' id='word_1_23' title='bbox 929 548 969 608; x_wconf 79' lang='lat' dir='ltr'>iis</span> <span class='ocrx_word' id='word_1_24' title='bbox 998 546 1095 622; x_wconf 83' lang='lat' dir='ltr'>sedes,</span> <span class='ocrx_word' id='word_1_25' title='bbox 1133 564 1209 627; x_wconf 89' lang='lat' dir='ltr'>quae</span> 
     </span>
     <span class='ocr_line' id='line_1_4' title="bbox 133 649 966 731; baseline 0.006 -23"><span class='ocrx_word' id='word_1_26' title='bbox 133 649 263 729; x_wconf 83' lang='lat' dir='ltr'>aptissime</span> <span class='ocrx_word' id='word_1_27' title='bbox 283 649 441 731; x_wconf 77' lang='lat' dir='ltr'>explicatio</span> <span class='ocrx_word' id='word_1_28' title='bbox 463 650 535 712; x_wconf 89' lang='lat' dir='ltr'>mihi</span> <span class='ocrx_word' id='word_1_29' title='bbox 555 651 681 711; x_wconf 89' lang='lat' dir='ltr'>videtur.</span> <span class='ocrx_word' id='word_1_30' title='bbox 710 671 739 714; x_wconf 91' lang='lat' dir='ltr'>u.</span> <span class='ocrx_word' id='word_1_31' title='bbox 761 653 795 724; x_wconf 87' lang='grc'>6,</span> <span class='ocrx_word' id='word_1_32' title='bbox 817 654 867 714; x_wconf 86' lang='lat'>30.</span> <span class='ocrx_word' id='word_1_33' title='bbox 887 649 966 713; x_wconf 76' lang='lat' dir='ltr'>slibt</span> 
     </span>
    </p>

    <p class='ocr_par' dir='ltr' id='par_1_3' title="bbox 57 747 1211 2821">
     <span class='ocr_line' id='line_1_5' title="bbox 199 747 1210 835; baseline 0.002 -21"><span class='ocrx_word' id='word_1_34' title='bbox 199 753 335 816; x_wconf 80' lang='lat' dir='ltr'>Fortasse</span> <span class='ocrx_word' id='word_1_35' title='bbox 356 774 410 835; x_wconf 92' lang='lat' dir='ltr'>pro</span> <span class='ocrx_word' id='word_1_36' title='bbox 433 755 529 816; x_wconf 89' lang='lat' dir='ltr'>ethico</span> <span class='ocrx_word' id='word_1_37' title='bbox 553 755 655 816; x_wconf 84' lang='lat' dir='ltr'>dativo</span> <span class='ocrx_word' id='word_1_38' title='bbox 676 755 847 817; x_wconf 87' lang='lat' dir='ltr'>habendum</span> <span class='ocrx_word' id='word_1_39' title='bbox 872 757 921 816; x_wconf 90' lang='lat' dir='ltr'>est</span> <span class='ocrx_word' id='word_1_40' title='bbox 943 754 1033 816; x_wconf 89' lang='lat' dir='ltr'>ctiam</span> <span class='ocrx_word' id='word_1_41' title='bbox 1052 747 1105 815; x_wconf 83' lang='grc' dir='ltr'><em>τίν</em></span> <span class='ocrx_word' id='word_1_42' title='bbox 1130 775 1159 835; x_wconf 89' lang='lat' dir='ltr'>p.</span> <span class='ocrx_word' id='word_1_43' title='bbox 1179 758 1210 831; x_wconf 88' lang='lat'>8,</span> 
     </span>
     <span class='ocr_line' id='line_1_6' title="bbox 135 850 1209 944; baseline 0.006 -28"><span class='ocrx_word' id='word_1_44' title='bbox 135 860 165 916; x_wconf 80' lang='lat' dir='ltr'>tt</span> <span class='ocrx_word' id='word_1_45' title='bbox 181 850 267 935; x_wconf 83' lang='grc' dir='ltr'><em>άναξ,</em></span> <span class='ocrx_word' id='word_1_46' title='bbox 296 850 399 920; x_wconf 77' lang='grc' dir='ltr'><em>ἑκόντι</em></span> <span class='ocrx_word' id='word_1_47' title='bbox 422 855 449 921; x_wconf 87' lang='grc' dir='ltr'>δ’</span> <span class='ocrx_word' id='word_1_48' title='bbox 472 851 600 938; x_wconf 77' lang='grc' dir='ltr'><em>εἴχομαι</em></span> <span class='ocrx_word' id='word_1_49' title='bbox 624 853 686 941; x_wconf 86' lang='grc' dir='ltr'>νόῳ</span> <span class='ocrx_word' id='word_1_50' title='bbox 708 853 791 921; x_wconf 84' lang='grc' dir='ltr'><em>κατὰ</em></span> <span class='ocrx_word' id='word_1_51' title='bbox 812 853 864 920; x_wconf 79' lang='grc' dir='ltr'><em>τὶν</em></span> <span class='ocrx_word' id='word_1_52' title='bbox 885 851 1038 944; x_wconf 79' lang='grc' dir='ltr'><em>ἁρμονίαν</em></span> <span class='ocrx_word' id='word_1_53' title='bbox 1060 853 1209 938; x_wconf 73' lang='grc' dir='ltr'><em>βλέπεινε</em></span> 
     </span>
     <span class='ocr_line' id='line_1_7' title="bbox 134 955 1210 1048; baseline 0.004 -28.67"><span class='ocrx_word' id='word_1_54' title='bbox 134 965 155 1020; x_wconf 88' lang='lat' dir='ltr'>et</span> <span class='ocrx_word' id='word_1_55' title='bbox 170 962 246 1022; x_wconf 83' lang='lat' dir='ltr'>simili</span> <span class='ocrx_word' id='word_1_56' title='bbox 267 962 354 1024; x_wconf 92' lang='lat' dir='ltr'>modo</span> <span class='ocrx_word' id='word_1_57' title='bbox 383 961 420 1026; x_wconf 93' lang='lat' dir='ltr'>cl.</span> <span class='ocrx_word' id='word_1_58' title='bbox 444 968 476 1038; x_wconf 94' lang='lat'><strong>1,</strong></span> <span class='ocrx_word' id='word_1_59' title='bbox 503 967 543 1024; x_wconf 92' lang='lat'>57</span> <span class='ocrx_word' id='word_1_60' title='bbox 566 957 605 1024; x_wconf 74' lang='lat' dir='ltr'>at</span> <span class='ocrx_word' id='word_1_61' title='bbox 628 955 658 1026; x_wconf 79' lang='lat' dir='ltr'>oi</span> <span class='ocrx_word' id='word_1_62' title='bbox 682 957 789 1048; x_wconf 81' lang='grc' dir='ltr'><em>πατὴρ</em></span> <span class='ocrx_word' id='word_1_63' title='bbox 817 956 1037 1045; x_wconf 78' lang='grc' dir='ltr'><strong><em>ὑπερκρέμασε</em></strong></span> <span class='ocrx_word' id='word_1_64' title='bbox 1059 958 1210 1047; x_wconf 83' lang='grc' dir='ltr'><em>καρτερὸν</em></span> 
     </span>
     <span class='ocr_line' id='line_1_8' title="bbox 58 1047 1211 1149; baseline 0.004 -24.996"><span class='ocrx_word' id='word_1_65' title='bbox 58 1047 60 1062; x_wconf 59' lang='lat'><strong>¹</strong></span> <span class='ocrx_word' id='word_1_66' title='bbox 130 1052 196 1147; x_wconf 79' lang='grc' dir='ltr'><em>αι’·ιῳ</em></span> <span class='ocrx_word' id='word_1_67' title='bbox 214 1058 308 1129; x_wconf 76' lang='grc' dir='ltr'><em>λίθον</em></span> <span class='ocrx_word' id='word_1_68' title='bbox 330 1086 385 1148; x_wconf 90' lang='lat' dir='ltr'>per</span> <span class='ocrx_word' id='word_1_69' title='bbox 403 1067 613 1129; x_wconf 79' lang='lat' dir='ltr'>abundantiam</span> <span class='ocrx_word' id='word_1_70' title='bbox 637 1067 785 1149; x_wconf 84' lang='lat' dir='ltr'>quandam</span> <span class='ocrx_word' id='word_1_71' title='bbox 807 1068 1015 1148; x_wconf 87' lang='lat' dir='ltr'>pronominum</span> <span class='ocrx_word' id='word_1_72' title='bbox 1035 1058 1065 1128; x_wconf 81' lang='lat' dir='ltr'>oi</span> <span class='ocrx_word' id='word_1_73' title='bbox 1087 1068 1211 1148; x_wconf 82' lang='lat' dir='ltr'>insuper</span> 
     </span>
     <span class='ocr_line' id='line_1_9' title="bbox 130 1169 1209 1253; baseline 0.005 -26"><span class='ocrx_word' id='word_1_74' title='bbox 130 1169 239 1232; x_wconf 86' lang='lat' dir='ltr'>additum</span> <span class='ocrx_word' id='word_1_75' title='bbox 260 1172 381 1234; x_wconf 86' lang='lat' dir='ltr'>videtur</span> <span class='ocrx_word' id='word_1_76' title='bbox 402 1173 495 1234; x_wconf 83' lang='lat' dir='ltr'>verbo</span> <span class='ocrx_word' id='word_1_77' title='bbox 517 1173 575 1248; x_wconf 79' lang='lat' dir='ltr'>ita,</span> <span class='ocrx_word' id='word_1_78' title='bbox 597 1176 632 1232; x_wconf 91' lang='lat' dir='ltr'>ut</span> <span class='ocrx_word' id='word_1_79' title='bbox 651 1172 841 1233; x_wconf 86' lang='lat' dir='ltr'>referendum</span> <span class='ocrx_word' id='word_1_80' title='bbox 863 1172 904 1232; x_wconf 87' lang='lat' dir='ltr'>sit</span> <span class='ocrx_word' id='word_1_81' title='bbox 925 1172 962 1232; x_wconf 88' lang='lat' dir='ltr'>ad</span> <span class='ocrx_word' id='word_1_82' title='bbox 984 1170 1108 1245; x_wconf 81' lang='lat' dir='ltr'>quem3</span> <span class='ocrx_word' id='word_1_83' title='bbox 1130 1171 1209 1253; x_wconf 91' lang='lat' dir='ltr'>qnod</span> 
     </span>
     <span class='ocr_line' id='line_1_10' title="bbox 131 1263 1207 1360; baseline 0.004 -28"><span class='ocrx_word' id='word_1_84' title='bbox 131 1273 149 1332; x_wconf 92' lang='lat' dir='ltr'>si</span> <span class='ocrx_word' id='word_1_85' title='bbox 163 1293 212 1335; x_wconf 92' lang='lat' dir='ltr'>non</span> <span class='ocrx_word' id='word_1_86' title='bbox 233 1276 376 1356; x_wconf 75' lang='lat' dir='ltr'>placebit,</span> <span class='ocrx_word' id='word_1_87' title='bbox 398 1277 639 1358; x_wconf 85' lang='lat' dir='ltr'>conjungendum</span> <span class='ocrx_word' id='word_1_88' title='bbox 659 1276 716 1337; x_wconf 86' lang='lat' dir='ltr'>erit</span> <span class='ocrx_word' id='word_1_89' title='bbox 735 1263 820 1359; x_wconf 76' lang='grc' dir='ltr'><em>αύτῷ</em></span> <span class='ocrx_word' id='word_1_90' title='bbox 842 1295 910 1336; x_wconf 92' lang='lat' dir='ltr'>cum</span> <span class='ocrx_word' id='word_1_91' title='bbox 929 1267 1083 1360; x_wconf 86' lang='grc' dir='ltr'><em>καρτερόν</em></span> <span class='ocrx_word' id='word_1_92' title='bbox 1101 1269 1207 1354; x_wconf 79' lang='grc' dir='ltr'><em>λίθον,</em></span> 
     </span>
     <span class='ocr_line' id='line_1_11' title="bbox 130 1370 1208 1464; baseline 0.003 -27"><span class='ocrx_word' id='word_1_93' title='bbox 130 1370 150 1436; x_wconf 84' lang='lat' dir='ltr'>ol</span> <span class='ocrx_word' id='word_1_94' title='bbox 170 1399 228 1440; x_wconf 90' lang='lat' dir='ltr'>cum</span> <span class='ocrx_word' id='word_1_95' title='bbox 249 1383 342 1442; x_wconf 83' lang='lat' dir='ltr'>verbo</span> <span class='ocrx_word' id='word_1_96' title='bbox 372 1374 596 1464; x_wconf 76' lang='grc' dir='ltr'><em>ὑπερκρέμασε</em></span> <span class='ocrx_word' id='word_1_97' title='bbox 624 1377 803 1464; x_wconf 90' lang='lat' dir='ltr'>(secundum</span> <span class='ocrx_word' id='word_1_98' title='bbox 824 1377 901 1442; x_wconf 84' lang='lat' dir='ltr'>ch.</span> <span class='ocrx_word' id='word_1_99' title='bbox 921 1379 1085 1440; x_wconf 86' lang='lat' dir='ltr'>Hermanni</span> <span class='ocrx_word' id='word_1_100' title='bbox 1115 1381 1208 1461; x_wconf 87' lang='lat' dir='ltr'>expli·</span> 
     </span>
     <span class='ocr_line' id='line_1_12' title="bbox 127 1476 1209 1567; baseline 0.005 -26"><span class='ocrx_word' id='word_1_101' title='bbox 127 1483 272 1567; x_wconf 81' lang='lat' dir='ltr'>catonem).</span> <span class='ocrx_word' id='word_1_102' title='bbox 319 1485 422 1556; x_wconf 82' lang='lat' dir='ltr'>Quare</span> <span class='ocrx_word' id='word_1_103' title='bbox 450 1505 510 1546; x_wconf 89' lang='lat' dir='ltr'>non</span> <span class='ocrx_word' id='word_1_104' title='bbox 534 1486 738 1547; x_wconf 87' lang='lat' dir='ltr'>necessarium</span> <span class='ocrx_word' id='word_1_105' title='bbox 759 1484 894 1561; x_wconf 83' lang='lat' dir='ltr'>uidetur,</span> <span class='ocrx_word' id='word_1_106' title='bbox 923 1485 1064 1546; x_wconf 91' lang='lat' dir='ltr'>hocloco</span> <span class='ocrx_word' id='word_1_107' title='bbox 1087 1476 1117 1546; x_wconf 79' lang='lat' dir='ltr'>oi</span> <span class='ocrx_word' id='word_1_108' title='bbox 1141 1504 1209 1546; x_wconf 90' lang='lat' dir='ltr'>con-</span> 
     </span>
     <span class='ocr_line' id='line_1_13' title="bbox 124 1583 1207 1674; baseline 0.002 -26"><span class='ocrx_word' id='word_1_109' title='bbox 124 1585 230 1665; x_wconf 82' lang='lat' dir='ltr'>jungere</span> <span class='ocrx_word' id='word_1_110' title='bbox 250 1608 319 1649; x_wconf 90' lang='lat' dir='ltr'>cum</span> <span class='ocrx_word' id='word_1_111' title='bbox 343 1583 466 1674; x_wconf 81' lang='grc' dir='ltr'><em>πατήρ,</em></span> <span class='ocrx_word' id='word_1_112' title='bbox 500 1591 579 1669; x_wconf 90' lang='lat' dir='ltr'>quod</span> <span class='ocrx_word' id='word_1_113' title='bbox 607 1590 703 1652; x_wconf 84' lang='lat' dir='ltr'>voluit</span> <span class='ocrx_word' id='word_1_114' title='bbox 726 1588 896 1651; x_wconf 80' lang='lat' dir='ltr'>Bocolrhins</span> <span class='ocrx_word' id='word_1_115' title='bbox 925 1589 1016 1669; x_wconf 86' lang='lat' dir='ltr'>(expl.</span> <span class='ocrx_word' id='word_1_116' title='bbox 1039 1589 1075 1652; x_wconf 90' lang='lat' dir='ltr'>ol.</span> <span class='ocrx_word' id='word_1_117' title='bbox 1100 1595 1136 1664; x_wconf 91' lang='lat'><strong>1,</strong></span> <span class='ocrx_word' id='word_1_118' title='bbox 1167 1590 1207 1650; x_wconf 89' lang='lat'>57</span> 
     </span>
     <span class='ocr_line' id='line_1_14' title="bbox 125 1693 1206 1776; baseline 0.004 -26"><span class='ocrx_word' id='word_1_119' title='bbox 125 1701 170 1753; x_wconf 86' lang='lat' dir='ltr'>not.</span> <span class='ocrx_word' id='word_1_120' title='bbox 199 1696 233 1756; x_wconf 91' lang='lat' dir='ltr'>cl.</span> <span class='ocrx_word' id='word_1_121' title='bbox 254 1696 289 1770; x_wconf 88' lang='grc'>2,</span> <span class='ocrx_word' id='word_1_122' title='bbox 319 1694 388 1770; x_wconf 87' lang='grc'>16);</span> <span class='ocrx_word' id='word_1_123' title='bbox 418 1695 469 1774; x_wconf 89' lang='lat' dir='ltr'>qni</span> <span class='ocrx_word' id='word_1_124' title='bbox 497 1694 602 1756; x_wconf 89' lang='lat' dir='ltr'>eodem</span> <span class='ocrx_word' id='word_1_125' title='bbox 632 1696 719 1756; x_wconf 91' lang='lat' dir='ltr'>modo</span> <span class='ocrx_word' id='word_1_126' title='bbox 749 1695 880 1776; x_wconf 86' lang='lat' dir='ltr'>explicat</span> <span class='ocrx_word' id='word_1_127' title='bbox 902 1695 991 1756; x_wconf 85' lang='lat' dir='ltr'>etiam</span> <span class='ocrx_word' id='word_1_128' title='bbox 1016 1694 1048 1755; x_wconf 89' lang='lat' dir='ltr'>in</span> <span class='ocrx_word' id='word_1_129' title='bbox 1067 1693 1114 1754; x_wconf 92' lang='lat' dir='ltr'>his</span> <span class='ocrx_word' id='word_1_130' title='bbox 1133 1694 1206 1754; x_wconf 91' lang='lat' dir='ltr'>locis</span> 
     </span>
     <span class='ocr_line' id='line_1_15' title="bbox 122 1791 1207 1884; baseline 0.006 -31"><span class='ocrx_word' id='word_1_131' title='bbox 122 1793 220 1857; x_wconf 89' lang='lat' dir='ltr'>datiros</span> <span class='ocrx_word' id='word_1_132' title='bbox 246 1798 469 1878; x_wconf 86' lang='lat' dir='ltr'>pronominum:</span> <span class='ocrx_word' id='word_1_133' title='bbox 508 1799 544 1860; x_wconf 90' lang='lat' dir='ltr'>ol.</span> <span class='ocrx_word' id='word_1_134' title='bbox 566 1803 601 1876; x_wconf 88' lang='grc'>2,</span> <span class='ocrx_word' id='word_1_135' title='bbox 627 1802 667 1860; x_wconf 89' lang='grc'>14</span> <span class='ocrx_word' id='word_1_136' title='bbox 695 1791 831 1884; x_wconf 81' lang='grc' dir='ltr'><em>άρονρον</em></span> <span class='ocrx_word' id='word_1_137' title='bbox 861 1791 1003 1880; x_wconf 84' lang='grc' dir='ltr'><em>πατρίαν</em></span> <span class='ocrx_word' id='word_1_138' title='bbox 1034 1793 1130 1882; x_wconf 85' lang='grc' dir='ltr'><em>σφισὶ</em></span> <span class='ocrx_word' id='word_1_139' title='bbox 1151 1793 1207 1860; x_wconf 89' lang='grc' dir='ltr'>κό-</span> 
     </span>
     <span class='ocr_line' id='line_1_16' title="bbox 121 1896 1208 1988; baseline 0.008 -30"><span class='ocrx_word' id='word_1_140' title='bbox 121 1919 198 1976; x_wconf 89' lang='grc' dir='ltr'><em>μισον</em></span> <span class='ocrx_word' id='word_1_141' title='bbox 223 1900 333 1984; x_wconf 78' lang='grc' dir='ltr'><em>λοιπῷ</em></span> <span class='ocrx_word' id='word_1_142' title='bbox 361 1897 453 1985; x_wconf 88' lang='grc' dir='ltr'><em>γένει.</em></span> <span class='ocrx_word' id='word_1_143' title='bbox 496 1903 532 1964; x_wconf 93' lang='lat' dir='ltr'>ol.</span> <span class='ocrx_word' id='word_1_144' title='bbox 556 1907 591 1980; x_wconf 85' lang='lat'><strong>8,</strong></span> <span class='ocrx_word' id='word_1_145' title='bbox 622 1907 662 1966; x_wconf 91' lang='lat'>83</span> <span class='ocrx_word' id='word_1_146' title='bbox 693 1897 729 1965; x_wconf 80' lang='grc' dir='ltr'>δν</span> <span class='ocrx_word' id='word_1_147' title='bbox 762 1921 822 1988; x_wconf 82' lang='grc' dir='ltr'><em>σφι</em></span> <span class='ocrx_word' id='word_1_148' title='bbox 844 1897 925 1978; x_wconf 77' lang='grc' dir='ltr'><em>Ζεύς</em></span> <span class='ocrx_word' id='word_1_149' title='bbox 955 1896 1038 1984; x_wconf 81' lang='grc' dir='ltr'><em>γένει</em></span> <span class='ocrx_word' id='word_1_150' title='bbox 1067 1896 1208 1968; x_wconf 79' lang='grc' dir='ltr'><em>ὤπασεν.</em></span> 
     </span>
     <span class='ocr_line' id='line_1_17' title="bbox 122 1999 1208 2090; baseline 0.006 -29"><span class='ocrx_word' id='word_1_151' title='bbox 122 2021 143 2062; x_wconf 91' lang='lat' dir='ltr'>n.</span> <span class='ocrx_word' id='word_1_152' title='bbox 163 2009 191 2080; x_wconf 89' lang='lat'>7,</span> <span class='ocrx_word' id='word_1_153' title='bbox 215 2009 255 2066; x_wconf 91' lang='grc'>22</span> <span class='ocrx_word' id='word_1_154' title='bbox 284 2001 361 2068; x_wconf 82' lang='grc' dir='ltr'><em>ἐπεὶ</em></span> <span class='ocrx_word' id='word_1_155' title='bbox 382 2000 517 2090; x_wconf 85' lang='grc' dir='ltr'><em>ψεύδεσί</em></span> <span class='ocrx_word' id='word_1_156' title='bbox 540 1999 570 2068; x_wconf 74' lang='grc' dir='ltr'>οἱ</span> <span class='ocrx_word' id='word_1_157' title='bbox 593 2044 633 2053; x_wconf 91' lang='lat'><em>-</em></span> <span class='ocrx_word' id='word_1_158' title='bbox 658 2001 771 2087; x_wconf 85' lang='grc' dir='ltr'><em>σεμνὸν</em></span> <span class='ocrx_word' id='word_1_159' title='bbox 793 1999 909 2070; x_wconf 76' lang='grc' dir='ltr'><em>ἔπεστί</em></span> <span class='ocrx_word' id='word_1_160' title='bbox 930 2029 962 2069; x_wconf 90' lang='grc' dir='ltr'>τι</span> <span class='ocrx_word' id='word_1_161' title='bbox 969 2033 977 2083; x_wconf 83' lang='grc'><strong>;</strong></span> <span class='ocrx_word' id='word_1_162' title='bbox 1004 2007 1055 2069; x_wconf 92' lang='lat' dir='ltr'>ubi</span> <span class='ocrx_word' id='word_1_163' title='bbox 1077 2027 1134 2086; x_wconf 85' lang='lat' dir='ltr'>ego</span> <span class='ocrx_word' id='word_1_164' title='bbox 1157 2007 1208 2068; x_wconf 89' lang='lat' dir='ltr'>da-</span> 
     </span>
     <span class='ocr_line' id='line_1_18' title="bbox 124 2107 1208 2192; baseline 0.006 -26"><span class='ocrx_word' id='word_1_165' title='bbox 124 2107 184 2170; x_wconf 83' lang='lat' dir='ltr'>tircs</span> <span class='ocrx_word' id='word_1_166' title='bbox 212 2111 423 2191; x_wconf 87' lang='lat' dir='ltr'>pronominum</span> <span class='ocrx_word' id='word_1_167' title='bbox 452 2131 519 2172; x_wconf 91' lang='lat' dir='ltr'>cum</span> <span class='ocrx_word' id='word_1_168' title='bbox 546 2113 646 2174; x_wconf 83' lang='lat' dir='ltr'>verbis</span> <span class='ocrx_word' id='word_1_169' title='bbox 675 2112 823 2192; x_wconf 86' lang='lat' dir='ltr'>conjungo</span> <span class='ocrx_word' id='word_1_170' title='bbox 830 2159 839 2189; x_wconf 91' lang='lat'><strong>,</strong></span> <span class='ocrx_word' id='word_1_171' title='bbox 868 2113 911 2172; x_wconf 91' lang='lat' dir='ltr'>ita</span> <span class='ocrx_word' id='word_1_172' title='bbox 939 2115 973 2172; x_wconf 89' lang='lat' dir='ltr'>ut</span> <span class='ocrx_word' id='word_1_173' title='bbox 1002 2112 1089 2172; x_wconf 87' lang='lat' dir='ltr'>alteri</span> <span class='ocrx_word' id='word_1_174' title='bbox 1115 2111 1208 2173; x_wconf 85' lang='lat' dir='ltr'>dativi</span> 
     </span>
     <span class='ocr_line' id='line_1_19' title="bbox 127 2212 1208 2296; baseline 0.005 -25"><span class='ocrx_word' id='word_1_175' title='bbox 127 2212 270 2292; x_wconf 80' lang='lat' dir='ltr'>explicandi</span> <span class='ocrx_word' id='word_1_176' title='bbox 297 2214 395 2294; x_wconf 82' lang='lat' dir='ltr'>gratia</span> <span class='ocrx_word' id='word_1_177' title='bbox 416 2215 452 2276; x_wconf 91' lang='lat' dir='ltr'>iis</span> <span class='ocrx_word' id='word_1_178' title='bbox 470 2216 691 2296; x_wconf 79' lang='lat' dir='ltr'>pronominibus</span> <span class='ocrx_word' id='word_1_179' title='bbox 715 2216 816 2278; x_wconf 88' lang='lat' dir='ltr'>addita</span> <span class='ocrx_word' id='word_1_180' title='bbox 839 2216 912 2291; x_wconf 90' lang='lat' dir='ltr'>sint,</span> <span class='ocrx_word' id='word_1_181' title='bbox 935 2216 1013 2296; x_wconf 88' lang='lat' dir='ltr'>quod</span> <span class='ocrx_word' id='word_1_182' title='bbox 1033 2217 1208 2276; x_wconf 86' lang='lat' dir='ltr'>factumest</span> 
     </span>
     <span class='ocr_line' id='line_1_20' title="bbox 125 2310 1207 2402; baseline 0.005 -27"><span class='ocrx_word' id='word_1_183' title='bbox 125 2317 194 2379; x_wconf 84' lang='lat' dir='ltr'>etiam</span> <span class='ocrx_word' id='word_1_184' title='bbox 213 2321 245 2381; x_wconf 90' lang='lat' dir='ltr'>in</span> <span class='ocrx_word' id='word_1_185' title='bbox 266 2320 336 2381; x_wconf 90' lang='lat' dir='ltr'>aliis</span> <span class='ocrx_word' id='word_1_186' title='bbox 358 2320 431 2380; x_wconf 92' lang='lat' dir='ltr'>locis</span> <span class='ocrx_word' id='word_1_187' title='bbox 453 2320 632 2382; x_wconf 75' lang='lat' dir='ltr'>Pindaricis:</span> <span class='ocrx_word' id='word_1_188' title='bbox 666 2321 685 2384; x_wconf 90' lang='lat' dir='ltr'>i.</span> <span class='ocrx_word' id='word_1_189' title='bbox 708 2327 742 2396; x_wconf 92' lang='lat'><strong>1,</strong></span> <span class='ocrx_word' id='word_1_190' title='bbox 766 2322 806 2381; x_wconf 91' lang='grc'>14</span> <span class='ocrx_word' id='word_1_191' title='bbox 829 2312 995 2402; x_wconf 81' lang='grc' dir='ltr'><em>Ἡροδότῳ</em></span> <span class='ocrx_word' id='word_1_192' title='bbox 1014 2310 1128 2397; x_wconf 82' lang='grc' dir='ltr'><em>τεύχων</em></span> <span class='ocrx_word' id='word_1_193' title='bbox 1150 2313 1207 2400; x_wconf 82' lang='lat' dir='ltr'>dip-</span> 
     </span>
     <span class='ocr_line' id='line_1_21' title="bbox 118 2416 1207 2509; baseline 0.006 -28"><span class='ocrx_word' id='word_1_194' title='bbox 118 2441 183 2498; x_wconf 87' lang='grc' dir='ltr'><em>μαιι</em></span> <span class='ocrx_word' id='word_1_195' title='bbox 202 2421 308 2509; x_wconf 80' lang='grc' dir='ltr'><em>γέρας.</em></span> <span class='ocrx_word' id='word_1_196' title='bbox 340 2427 379 2486; x_wconf 85' lang='grc'>59</span> <span class='ocrx_word' id='word_1_197' title='bbox 403 2418 465 2487; x_wconf 80' lang='grc' dir='ltr'>ὅσα</span> <span class='ocrx_word' id='word_1_198' title='bbox 482 2419 600 2506; x_wconf 79' lang='grc' dir='ltr'><em>Ἑρμᾶς</em></span> <span class='ocrx_word' id='word_1_199' title='bbox 616 2417 780 2509; x_wconf 79' lang='grc' dir='ltr'><em>Ἡροδότῳ</em></span> <span class='ocrx_word' id='word_1_200' title='bbox 802 2416 919 2508; x_wconf 77' lang='grc' dir='ltr'><em>ἔπορεν</em></span> <span class='ocrx_word' id='word_1_201' title='bbox 941 2420 1071 2499; x_wconf 79' lang='grc' dir='ltr'><em>ἵπποις.</em></span> <span class='ocrx_word' id='word_1_202' title='bbox 1100 2446 1129 2506; x_wconf 92' lang='lat' dir='ltr'>p.</span> <span class='ocrx_word' id='word_1_203' title='bbox 1143 2430 1171 2504; x_wconf 92' lang='grc'>1,</span> <span class='ocrx_word' id='word_1_204' title='bbox 1189 2430 1207 2487; x_wconf 89' lang='grc'>7</span> 
     </span>
     <span class='ocr_line' id='line_1_22' title="bbox 119 2519 1207 2613; baseline 0.005 -28"><span class='ocrx_word' id='word_1_205' title='bbox 119 2519 167 2587; x_wconf 80' lang='grc' dir='ltr'>ἕπί</span> <span class='ocrx_word' id='word_1_206' title='bbox 186 2520 214 2589; x_wconf 81' lang='lat' dir='ltr'>oi</span> <span class='ocrx_word' id='word_1_207' title='bbox 235 2524 376 2613; x_wconf 84' lang='grc' dir='ltr'><em>νεφέλαν</em></span> <span class='ocrx_word' id='word_1_208' title='bbox 398 2521 523 2611; x_wconf 79' lang='grc' dir='ltr'><em>ἀγκύλῳ</em></span> <span class='ocrx_word' id='word_1_209' title='bbox 545 2524 639 2610; x_wconf 81' lang='grc' dir='ltr'><em>κρατὶ</em></span> <span class='ocrx_word' id='word_1_210' title='bbox 662 2523 839 2608; x_wconf 87' lang='grc' dir='ltr'><em>κατέχευας.</em></span> <span class='ocrx_word' id='word_1_211' title='bbox 873 2549 903 2610; x_wconf 91' lang='lat' dir='ltr'>p.</span> <span class='ocrx_word' id='word_1_212' title='bbox 925 2533 961 2605; x_wconf 85' lang='grc'>9,</span> <span class='ocrx_word' id='word_1_213' title='bbox 985 2532 1046 2590; x_wconf 90' lang='grc'>120</span> <span class='ocrx_word' id='word_1_214' title='bbox 1069 2521 1154 2613; x_wconf 82' lang='grc' dir='ltr'><em>ἀμφί</em></span> <span class='ocrx_word' id='word_1_215' title='bbox 1176 2521 1207 2592; x_wconf 81' lang='lat' dir='ltr'>oi</span> 
     </span>
     <span class='ocr_line' id='line_1_23' title="bbox 120 2621 1208 2718; baseline 0.003 -26"><span class='ocrx_word' id='word_1_216' title='bbox 120 2623 238 2712; x_wconf 77' lang='grc' dir='ltr'><em>ψαύσειε</em></span> <span class='ocrx_word' id='word_1_217' title='bbox 266 2627 420 2708; x_wconf 84' lang='grc' dir='ltr'><em>πέπλοις.</em></span> <span class='ocrx_word' id='word_1_218' title='bbox 457 2635 476 2694; x_wconf 91' lang='lat' dir='ltr'>i.</span> <span class='ocrx_word' id='word_1_219' title='bbox 497 2637 532 2710; x_wconf 86' lang='grc'>2,</span> <span class='ocrx_word' id='word_1_220' title='bbox 557 2638 595 2695; x_wconf 89' lang='lat'>15</span> <span class='ocrx_word' id='word_1_221' title='bbox 622 2621 709 2716; x_wconf 82' lang='grc' dir='ltr'><em>αύτῷ</em></span> <span class='ocrx_word' id='word_1_222' title='bbox 731 2628 924 2718; x_wconf 84' lang='grc' dir='ltr'><em>στεφάνωμα</em></span> <span class='ocrx_word' id='word_1_223' title='bbox 950 2624 1036 2718; x_wconf 82' lang='grc' dir='ltr'><em>κόμᾳ</em></span> <span class='ocrx_word' id='word_1_224' title='bbox 1058 2627 1208 2712; x_wconf 87' lang='grc' dir='ltr'><em>πέμπων.</em></span> 
     </span>
     <span class='ocr_line' id='line_1_24' title="bbox 117 2726 1209 2821; baseline 0 -23"><span class='ocrx_word' id='word_1_225' title='bbox 117 2754 139 2814; x_wconf 91' lang='lat' dir='ltr'>p.</span> <span class='ocrx_word' id='word_1_226' title='bbox 157 2741 185 2815; x_wconf 89' lang='lat'>7,</span> <span class='ocrx_word' id='word_1_227' title='bbox 208 2742 226 2797; x_wconf 90' lang='grc'>2</span> <span class='ocrx_word' id='word_1_228' title='bbox 248 2726 471 2816; x_wconf 77' lang='grc' dir='ltr'><em>Ἀλκμανιδᾶν</em></span> <span class='ocrx_word' id='word_1_229' title='bbox 492 2732 573 2819; x_wconf 87' lang='grc' dir='ltr'><em>γένει</em></span> <span class='ocrx_word' id='word_1_230' title='bbox 596 2735 725 2821; x_wconf 81' lang='grc' dir='ltr'><em>κρηπῖδ’</em></span> <span class='ocrx_word' id='word_1_231' title='bbox 744 2729 854 2800; x_wconf 81' lang='grc' dir='ltr'><em>ἀοιδάν</em></span> <span class='ocrx_word' id='word_1_232' title='bbox 876 2735 1015 2799; x_wconf 84' lang='grc' dir='ltr'><em>ἵπποισι</em></span> <span class='ocrx_word' id='word_1_233' title='bbox 1035 2732 1209 2817; x_wconf 74' lang='grc' dir='ltr'><em>βαλέσθαι.</em></span> 
     </span>
    </p>

    <p class='ocr_par' dir='ltr' id='par_1_4' title="bbox 109 2839 1209 3425">
     <span class='ocr_line' id='line_1_25' title="bbox 189 2839 1208 2932; baseline 0 -31"><span class='ocrx_word' id='word_1_234' title='bbox 189 2845 216 2903; x_wconf 85' lang='grc'>4,</span> <span class='ocrx_word' id='word_1_235' title='bbox 236 2841 399 2902; x_wconf 74' lang='lat' dir='ltr'>Interdum</span> <span class='ocrx_word' id='word_1_236' title='bbox 410 2842 489 2923; x_wconf 90' lang='lat' dir='ltr'>apud</span> <span class='ocrx_word' id='word_1_237' title='bbox 502 2845 606 2932; x_wconf 86' lang='lat' dir='ltr'>poetas</span> <span class='ocrx_word' id='word_1_238' title='bbox 619 2841 738 2902; x_wconf 75' lang='lat' dir='ltr'>dativus</span> <span class='ocrx_word' id='word_1_239' title='bbox 753 2841 862 2902; x_wconf 87' lang='lat' dir='ltr'>transit</span> <span class='ocrx_word' id='word_1_240' title='bbox 872 2841 904 2901; x_wconf 91' lang='lat' dir='ltr'>in</span> <span class='ocrx_word' id='word_1_241' title='bbox 913 2839 1096 2902; x_wconf 88' lang='lat' dir='ltr'>notationem</span> <span class='ocrx_word' id='word_1_242' title='bbox 1104 2860 1208 2902; x_wconf 87' lang='lat' dir='ltr'>eorum</span> 
     </span>
     <span class='ocr_line' id='line_1_26' title="bbox 118 2942 1208 3026; baseline 0.005 -25"><span class='ocrx_word' id='word_1_243' title='bbox 118 2942 269 3023; x_wconf 91' lang='lat' dir='ltr'>hominum,</span> <span class='ocrx_word' id='word_1_244' title='bbox 291 2946 394 3006; x_wconf 89' lang='lat' dir='ltr'>inter</span> <span class='ocrx_word' id='word_1_245' title='bbox 416 2965 508 3024; x_wconf 89' lang='lat' dir='ltr'>quos</span> <span class='ocrx_word' id='word_1_246' title='bbox 531 2946 643 3025; x_wconf 89' lang='lat' dir='ltr'>aliquid</span> <span class='ocrx_word' id='word_1_247' title='bbox 664 2946 774 3007; x_wconf 82' lang='lat' dir='ltr'>factum</span> <span class='ocrx_word' id='word_1_248' title='bbox 795 2948 859 3022; x_wconf 89' lang='lat' dir='ltr'>est,</span> <span class='ocrx_word' id='word_1_249' title='bbox 889 2947 924 3007; x_wconf 93' lang='lat' dir='ltr'>ut</span> <span class='ocrx_word' id='word_1_250' title='bbox 945 2947 1026 3026; x_wconf 88' lang='lat' dir='ltr'>apud</span> <span class='ocrx_word' id='word_1_251' title='bbox 1043 2944 1208 3006; x_wconf 82' lang='lat' dir='ltr'>Homerum</span> 
     </span>
     <span class='ocr_line' id='line_1_27' title="bbox 114 3038 1209 3129; baseline 0.005 -23"><span class='ocrx_word' id='word_1_252' title='bbox 114 3048 204 3111; x_wconf 86' lang='grc' dir='ltr'><em>τοῖσιν</em></span> <span class='ocrx_word' id='word_1_253' title='bbox 229 3038 368 3129; x_wconf 80' lang='grc' dir='ltr'><em>ἀνέστα,</em></span> <span class='ocrx_word' id='word_1_254' title='bbox 400 3050 465 3112; x_wconf 87' lang='lat' dir='ltr'>alia.</span> <span class='ocrx_word' id='word_1_255' title='bbox 510 3049 559 3111; x_wconf 92' lang='lat' dir='ltr'>Ita</span> <span class='ocrx_word' id='word_1_256' title='bbox 585 3049 731 3112; x_wconf 88' lang='lat' dir='ltr'>Pindarus</span> <span class='ocrx_word' id='word_1_257' title='bbox 759 3050 837 3112; x_wconf 81' lang='lat' dir='ltr'>dixit</span> <span class='ocrx_word' id='word_1_258' title='bbox 863 3050 900 3111; x_wconf 92' lang='lat' dir='ltr'>ol.</span> <span class='ocrx_word' id='word_1_259' title='bbox 921 3053 978 3127; x_wconf 87' lang='grc'>13,</span> <span class='ocrx_word' id='word_1_260' title='bbox 1003 3053 1041 3111; x_wconf 88' lang='grc'>61</span> <span class='ocrx_word' id='word_1_261' title='bbox 1071 3046 1209 3111; x_wconf 89' lang='grc' dir='ltr'><em>τοῖσιδ’</em></span> 
     </span>
     <span class='ocr_line' id='line_1_28' title="bbox 112 3145 1209 3238; baseline 0.004 -26"><span class='ocrx_word' id='word_1_262' title='bbox 112 3145 246 3232; x_wconf 83' lang='grc' dir='ltr'><em>ε’ξεάχετο</em></span> <span class='ocrx_word' id='word_1_263' title='bbox 279 3157 322 3233; x_wconf 89' lang='grc' dir='ltr'>(Γ</span> <span class='ocrx_word' id='word_1_264' title='bbox 319 3151 445 3230; x_wconf 83' lang='grc' dir='ltr'><em>λαῧκσς)</em></span> <span class='ocrx_word' id='word_1_265' title='bbox 472 3174 571 3217; x_wconf 84' lang='lat' dir='ltr'>corum</span> <span class='ocrx_word' id='word_1_266' title='bbox 592 3157 633 3216; x_wconf 81' lang='lat' dir='ltr'>iis</span> <span class='ocrx_word' id='word_1_267' title='bbox 656 3156 807 3238; x_wconf 66' lang='lat' dir='ltr'>plorantur</span> <span class='ocrx_word' id='word_1_268' title='bbox 835 3160 886 3217; x_wconf 81' lang='lat' dir='ltr'>est.</span> <span class='ocrx_word' id='word_1_269' title='bbox 928 3175 958 3235; x_wconf 88' lang='lat' dir='ltr'>p.</span> <span class='ocrx_word' id='word_1_270' title='bbox 978 3158 1014 3231; x_wconf 92' lang='grc'>4,</span> <span class='ocrx_word' id='word_1_271' title='bbox 1039 3157 1078 3216; x_wconf 86' lang='grc'>65</span> <span class='ocrx_word' id='word_1_272' title='bbox 1110 3147 1209 3216; x_wconf 84' lang='grc' dir='ltr'><em>παισὶ</em></span> 
     </span>
     <span class='ocr_line' id='line_1_29' title="bbox 110 3246 1209 3343; baseline 0.005 -28"><span class='ocrx_word' id='word_1_273' title='bbox 110 3249 229 3334; x_wconf 77' lang='grc' dir='ltr'><em>τούτοις</em></span> <span class='ocrx_word' id='word_1_274' title='bbox 256 3251 372 3340; x_wconf 81' lang='grc' dir='ltr'><em>δ’γδοον</em></span> <span class='ocrx_word' id='word_1_275' title='bbox 401 3249 519 3320; x_wconf 73' lang='grc' dir='ltr'><em>θάλλει</em></span> <span class='ocrx_word' id='word_1_276' title='bbox 548 3253 645 3343; x_wconf 87' lang='grc' dir='ltr'><em>μέρος</em></span> <span class='ocrx_word' id='word_1_277' title='bbox 663 3246 853 3341; x_wconf 77' lang='grc' dir='ltr'><em>Ἀρκεσίλας</em></span> <span class='ocrx_word' id='word_1_278' title='bbox 880 3262 912 3322; x_wconf 83' lang='lat' dir='ltr'>ia</span> <span class='ocrx_word' id='word_1_279' title='bbox 937 3260 993 3321; x_wconf 79' lang='lat' dir='ltr'>hoc</span> <span class='ocrx_word' id='word_1_280' title='bbox 1009 3258 1098 3341; x_wconf 82' lang='lat' dir='ltr'>prole</span> <span class='ocrx_word' id='word_1_281' title='bbox 1114 3256 1209 3338; x_wconf 83' lang='lat' dir='ltr'>floret</span> 
     </span>
     <span class='ocr_line' id='line_1_30' title="bbox 109 3363 227 3425; baseline 0.042 -5"><span class='ocrx_word' id='word_1_282' title='bbox 109 3363 227 3425; x_wconf 78' lang='grc' dir='ltr'><em>οιλσααε.</em></span> 
     </span>
    </p>

    <p class='ocr_par' dir='ltr' id='par_1_5' title="bbox 43 3456 1210 4177">
     <span class='ocr_line' id='line_1_31' title="bbox 191 3456 1207 3544; baseline -0.004 -15"><span class='ocrx_word' id='word_1_283' title='bbox 191 3467 310 3538; x_wconf 80' lang='lat' dir='ltr'>Quibus</span> <span class='ocrx_word' id='word_1_284' title='bbox 330 3468 437 3528; x_wconf 88' lang='lat' dir='ltr'>tertius</span> <span class='ocrx_word' id='word_1_285' title='bbox 450 3468 534 3528; x_wconf 90' lang='lat' dir='ltr'>locus</span> <span class='ocrx_word' id='word_1_286' title='bbox 549 3467 789 3529; x_wconf 88' lang='lat' dir='ltr'>adnumerandus</span> <span class='ocrx_word' id='word_1_287' title='bbox 804 3467 924 3529; x_wconf 85' lang='lat' dir='ltr'>videtur</span> <span class='ocrx_word' id='word_1_288' title='bbox 938 3467 956 3527; x_wconf 91' lang='lat' dir='ltr'>i.</span> <span class='ocrx_word' id='word_1_289' title='bbox 967 3471 996 3541; x_wconf 88' lang='lat'>3,</span> <span class='ocrx_word' id='word_1_290' title='bbox 1012 3467 1069 3526; x_wconf 79' lang='lat'>54:</span> <span class='ocrx_word' id='word_1_291' title='bbox 1086 3456 1207 3544; x_wconf 78' lang='grc' dir='ltr'><em>(Αἴας)</em></span> 
     </span>
     <span class='ocr_line' id='line_1_32' title="bbox 109 3563 1209 3654; baseline 0.003 -27"><span class='ocrx_word' id='word_1_292' title='bbox 109 3566 237 3654; x_wconf 81' lang='grc' dir='ltr'><em>μομφάν</em></span> <span class='ocrx_word' id='word_1_293' title='bbox 267 3564 332 3649; x_wconf 73' lang='grc' dir='ltr'><em>ἔχει</em></span> <span class='ocrx_word' id='word_1_294' title='bbox 359 3565 536 3634; x_wconf 80' lang='grc' dir='ltr'><em>παίδεσσιν</em></span> <span class='ocrx_word' id='word_1_295' title='bbox 563 3563 719 3633; x_wconf 83' lang='grc' dir='ltr'><em>Ἑλλάνων</em></span> <span class='ocrx_word' id='word_1_296' title='bbox 748 3574 992 3654; x_wconf 77' lang='lat' dir='ltr'>vituperationem</span> <span class='ocrx_word' id='word_1_297' title='bbox 1018 3570 1104 3632; x_wconf 76' lang='lat' dir='ltr'>babet</span> <span class='ocrx_word' id='word_1_298' title='bbox 1130 3571 1209 3631; x_wconf 77' lang='grc' dir='ltr'><em>τἰιλεν</em></span> 
     </span>
     <span class='ocr_line' id='line_1_33' title="bbox 110 3671 1207 3757; baseline 0 -22"><span class='ocrx_word' id='word_1_299' title='bbox 110 3672 251 3752; x_wconf 60' lang='lat' dir='ltr'>Graecum</span> <span class='ocrx_word' id='word_1_300' title='bbox 274 3694 351 3756; x_wconf 89' lang='lat' dir='ltr'>quae</span> <span class='ocrx_word' id='word_1_301' title='bbox 373 3677 532 3757; x_wconf 83' lang='lat' dir='ltr'>explicatio</span> <span class='ocrx_word' id='word_1_302' title='bbox 554 3676 601 3754; x_wconf 87' lang='lat' dir='ltr'>(cf.</span> <span class='ocrx_word' id='word_1_303' title='bbox 625 3674 720 3737; x_wconf 82' lang='lat' dir='ltr'>Schol.</span> <span class='ocrx_word' id='word_1_304' title='bbox 744 3679 775 3737; x_wconf 88' lang='lat' dir='ltr'>et</span> <span class='ocrx_word' id='word_1_305' title='bbox 796 3675 992 3736; x_wconf 85' lang='lat' dir='ltr'>Friederichs.</span> <span class='ocrx_word' id='word_1_306' title='bbox 1015 3673 1098 3735; x_wconf 90' lang='lat' dir='ltr'>Pind.</span> <span class='ocrx_word' id='word_1_307' title='bbox 1121 3671 1207 3736; x_wconf 89' lang='lat' dir='ltr'>Stud.</span> 
     </span>
     <span class='ocr_line' id='line_1_34' title="bbox 110 3777 1209 3860; baseline 0.003 -23"><span class='ocrx_word' id='word_1_308' title='bbox 110 3797 172 3858; x_wconf 86' lang='lat' dir='ltr'>pag.</span> <span class='ocrx_word' id='word_1_309' title='bbox 193 3782 249 3859; x_wconf 82' lang='lat'>94)</span> <span class='ocrx_word' id='word_1_310' title='bbox 280 3784 311 3842; x_wconf 91' lang='lat' dir='ltr'>et</span> <span class='ocrx_word' id='word_1_311' title='bbox 338 3799 404 3842; x_wconf 93' lang='lat' dir='ltr'>cum</span> <span class='ocrx_word' id='word_1_312' title='bbox 429 3781 551 3860; x_wconf 80' lang='lat' dir='ltr'>linguae</span> <span class='ocrx_word' id='word_1_313' title='bbox 575 3777 709 3842; x_wconf 83' lang='lat' dir='ltr'>Graecae</span> <span class='ocrx_word' id='word_1_314' title='bbox 736 3801 794 3841; x_wconf 90' lang='lat' dir='ltr'>usu</span> <span class='ocrx_word' id='word_1_315' title='bbox 822 3782 854 3840; x_wconf 91' lang='lat' dir='ltr'>et</span> <span class='ocrx_word' id='word_1_316' title='bbox 880 3800 947 3840; x_wconf 91' lang='lat' dir='ltr'>cum</span> <span class='ocrx_word' id='word_1_317' title='bbox 974 3778 1124 3840; x_wconf 84' lang='lat' dir='ltr'>sententia</span> <span class='ocrx_word' id='word_1_318' title='bbox 1151 3778 1209 3840; x_wconf 89' lang='lat' dir='ltr'>loci</span> 
     </span>
     <span class='ocr_line' id='line_1_35' title="bbox 110 3879 1208 3967; baseline 0 -24"><span class='ocrx_word' id='word_1_319' title='bbox 110 3885 196 3945; x_wconf 87' lang='lat' dir='ltr'>multo</span> <span class='ocrx_word' id='word_1_320' title='bbox 225 3885 335 3946; x_wconf 89' lang='lat' dir='ltr'>melius</span> <span class='ocrx_word' id='word_1_321' title='bbox 362 3886 502 3946; x_wconf 83' lang='lat' dir='ltr'>conuenit</span> <span class='ocrx_word' id='word_1_322' title='bbox 529 3903 618 3967; x_wconf 87' lang='lat' dir='ltr'>quam</span> <span class='ocrx_word' id='word_1_323' title='bbox 646 3885 742 3946; x_wconf 89' lang='lat' dir='ltr'>altera</span> <span class='ocrx_word' id='word_1_324' title='bbox 771 3883 926 3963; x_wconf 89' lang='lat' dir='ltr'>(Boeckhii</span> <span class='ocrx_word' id='word_1_325' title='bbox 954 3886 986 3943; x_wconf 88' lang='lat' dir='ltr'>et</span> <span class='ocrx_word' id='word_1_326' title='bbox 1006 3879 1161 3967; x_wconf 90' lang='lat' dir='ltr'>aliorum),</span> <span class='ocrx_word' id='word_1_327' title='bbox 1191 3901 1208 3942; x_wconf 90' lang='lat' dir='ltr'>e</span> 
     </span>
     <span class='ocr_line' id='line_1_36' title="bbox 110 3982 1210 4074; baseline 0 -28"><span class='ocrx_word' id='word_1_328' title='bbox 110 4007 163 4066; x_wconf 91' lang='lat' dir='ltr'>qua</span> <span class='ocrx_word' id='word_1_329' title='bbox 183 3985 322 4074; x_wconf 84' lang='grc' dir='ltr'><em>μομφὰν</em></span> <span class='ocrx_word' id='word_1_330' title='bbox 344 3982 408 4067; x_wconf 73' lang='grc' dir='ltr'><em>ἔχει</em></span> <span class='ocrx_word' id='word_1_331' title='bbox 429 3992 572 4051; x_wconf 85' lang='lat' dir='ltr'>vertitur:</span> <span class='ocrx_word' id='word_1_332' title='bbox 602 3989 746 4052; x_wconf 80' lang='lat' dir='ltr'>invidiam</span> <span class='ocrx_word' id='word_1_333' title='bbox 759 3988 841 4068; x_wconf 83' lang='lat' dir='ltr'>fucit</span> <span class='ocrx_word' id='word_1_334' title='bbox 863 3989 988 4052; x_wconf 73' lang='grc' dir='ltr'><em>θνσεοιε</em></span> <span class='ocrx_word' id='word_1_335' title='bbox 1014 3989 1105 4068; x_wconf 91' lang='lat' dir='ltr'>(quod</span> <span class='ocrx_word' id='word_1_336' title='bbox 1128 3991 1210 4047; x_wconf 88' lang='lat' dir='ltr'>essct</span> 
     </span>
     <span class='ocr_line' id='line_1_37' title="bbox 43 4087 262 4177; baseline 0.032 -29"><span class='ocrx_word' id='word_1_337' title='bbox 43 4139 45 4148; x_wconf 84' lang='lat'><em>.</em></span> <span class='ocrx_word' id='word_1_338' title='bbox 109 4087 262 4177; x_wconf 88' lang='grc' dir='ltr'><em>παρέχει).</em></span> 
     </span>
    </p>

    <p class='ocr_par' dir='ltr' id='par_1_6' title="bbox 110 4195 1210 4384">
     <span class='ocr_line' id='line_1_38' title="bbox 194 4195 1210 4275; baseline -0.006 -17"><span class='ocrx_word' id='word_1_339' title='bbox 194 4200 223 4258; x_wconf 89' lang='lat'>5.</span> <span class='ocrx_word' id='word_1_340' title='bbox 269 4197 401 4258; x_wconf 87' lang='lat' dir='ltr'>Maxime</span> <span class='ocrx_word' id='word_1_341' title='bbox 433 4197 586 4260; x_wconf 86' lang='lat' dir='ltr'>familiaris</span> <span class='ocrx_word' id='word_1_342' title='bbox 615 4195 771 4259; x_wconf 87' lang='lat' dir='ltr'>Pindarico</span> <span class='ocrx_word' id='word_1_343' title='bbox 802 4199 930 4259; x_wconf 89' lang='lat' dir='ltr'>sermoni</span> <span class='ocrx_word' id='word_1_344' title='bbox 962 4200 1009 4258; x_wconf 90' lang='lat' dir='ltr'>est</span> <span class='ocrx_word' id='word_1_345' title='bbox 1038 4197 1065 4256; x_wconf 89' lang='lat' dir='ltr'>is</span> <span class='ocrx_word' id='word_1_346' title='bbox 1094 4212 1210 4275; x_wconf 89' lang='lat' dir='ltr'>quoque</span> 
     </span>
     <span class='ocr_line' id='line_1_39' title="bbox 110 4297 1209 4384; baseline -0.003 -25"><span class='ocrx_word' id='word_1_347' title='bbox 110 4297 202 4362; x_wconf 80' lang='lat' dir='ltr'>dativi</span> <span class='ocrx_word' id='word_1_348' title='bbox 224 4321 313 4379; x_wconf 90' lang='lat' dir='ltr'>usus,</span> <span class='ocrx_word' id='word_1_349' title='bbox 344 4322 402 4383; x_wconf 90' lang='lat' dir='ltr'>quo</span> <span class='ocrx_word' id='word_1_350' title='bbox 426 4303 611 4379; x_wconf 84' lang='lat' dir='ltr'>declaratur,</span> <span class='ocrx_word' id='word_1_351' title='bbox 641 4302 680 4364; x_wconf 89' lang='lat' dir='ltr'>ad</span> <span class='ocrx_word' id='word_1_352' title='bbox 702 4308 799 4366; x_wconf 89' lang='lat' dir='ltr'>certos</span> <span class='ocrx_word' id='word_1_353' title='bbox 823 4304 967 4384; x_wconf 83' lang='lat' dir='ltr'>quosdam</span> <span class='ocrx_word' id='word_1_354' title='bbox 987 4300 1122 4363; x_wconf 88' lang='lat' dir='ltr'>homines</span> <span class='ocrx_word' id='word_1_355' title='bbox 1144 4316 1209 4358; x_wconf 87' lang='lat' dir='ltr'>seu-</span> 
     </span>
    </p>
   </div>
   <div class='ocr_carea' id='block_1_3' title="bbox 0 0 1510 4924">
    <p class='ocr_par' dir='ltr' id='par_1_7' title="bbox 0 0 1510 4924">
     <span class='ocr_line' id='line_1_40' title="bbox 0 0 1510 4924; baseline 0 0"><span class='ocrx_word' id='word_1_356' title='bbox 0 0 1510 4924; x_wconf 95' lang='lat' dir='ltr'> </span> 
     </span>
    </p>
   </div>
  </div>
 </body>
</html>
