3066 4928
1238 249 1278 308 95

169 444 312 514 ἅπτεται
335 445 363 511 δ’
386 442 488 512 ἐσλῶν
511 437 592 524 αἰεὶ,
614 437 794 526 χειρόνεσσι
816 438 845 504 δ’
867 433 924 503 οὐκ
953 431 1065 522 ἐρίζει,
1094 436 1146 498 ubi
1167 438 1204 498 ab
1227 436 1280 497 ad-

165 555 281 635 jectivo
301 543 462 637 φθονεροὶ
491 548 629 610 facillime
658 547 769 609 transit
798 549 889 627 poeta
918 544 956 604 ed
980 542 1163 604 abstractam
1184 541 1279 602 notio-

169 677 240 719 nem
262 647 404 740 φθόνος,
433 655 472 714 de
494 671 554 733 qua
575 651 646 731 quid
665 650 864 732 praedicatur.
887 681 931 692 —-
957 645 1111 706 Facillime
1133 642 1279 706 transitus

169 761 205 823 fit
233 760 325 821 etiam
363 758 466 820 multis
501 757 574 818 locis
610 755 691 836 apud
721 753 884 814 Pindarum
920 770 939 812 a
968 749 1097 828 singulis
1125 749 1216 809 rebus
1241 748 1280 809 ad

172 863 333 945 generales
356 860 538 938 sententias,
560 859 595 921 cf.
618 859 643 937 ξ.
670 863 686 918 1
713 860 745 918 et
765 857 791 936 ς,
814 860 844 919 2.

259 1015 376 1076 Eadem
402 1012 515 1095 ingenii
544 1012 697 1074 celeritate
721 1011 759 1071 ab
785 1009 844 1070 alia
865 1009 902 1069 ad
926 1006 1015 1068 aliam
1036 1026 1101 1068 rem
1124 1006 1189 1067 sive
1212 1025 1280 1087 per·

173 1139 278 1183 sonam
299 1118 410 1180 transit
430 1116 522 1178 etiam
549 1117 781 1191 n.4,1-3:
812 1104 944 1195 ἄριστος
971 1095 1149 1194 εὐφροσύνα
1170 1101 1281 1172 πόνων

172 1218 366 1307 κεκριμένων
396 1214 521 1306 ἰατρός.
549 1211 583 1281 αλ
616 1214 653 1280 δέ
682 1212 784 1301 σοφαὶ
806 1215 943 1277 Μοισᾶν
964 1208 1142 1297 θυγατέρες
1169 1202 1281 1275 ἀοιδαὶ

172 1323 295 1402 θέλξαν
311 1347 376 1401 νιν,
409 1325 461 1386 ubi
492 1344 540 1386 νιν
573 1322 654 1384 hand
678 1321 768 1382 dubie
788 1319 976 1382 referendum
1000 1321 1048 1380 est
1069 1319 1109 1379 ad
1126 1318 1282 1393 victorem,

174 1431 223 1512 qui
251 1431 283 1490 in
311 1431 413 1490 mente
444 1430 510 1490 erat
538 1429 647 1507 poetae
675 1445 767 1505 quum
794 1425 922 1485 diceret:
949 1418 1058 1486 πόνων
1080 1417 1280 1506 κεκριμένων.

173 1535 210 1596 ol.
232 1538 268 1609 9,
297 1534 338 1593 45
370 1525 560 1612 κτησάσθαν
590 1522 719 1591 λίθινον
754 1523 866 1610 μόνον·
906 1521 1000 1590 Λαοί
1031 1521 1058 1588 δ’
1088 1516 1281 1606 ὀνύμασθεν,

174 1639 226 1699 ubi
252 1638 368 1697 mumto
397 1635 533 1715 subjecto
562 1633 671 1694 dicitur
705 1632 743 1692 de
777 1633 845 1712 ipsa
879 1631 932 1692 illa
968 1630 1088 1711 lapidea
1125 1630 1280 1710 progenie.

172 1743 190 1802 i.
213 1744 243 1817 3,
264 1743 306 1800 49
327 1731 415 1800 ἔστιν
439 1733 466 1800 δ’
486 1724 629 1821 ἀφάνεια
649 1730 744 1813 τύχας
765 1729 820 1797 καὶ
843 1728 1068 1818 μαρναμένων,
1092 1727 1171 1816 πρὶν
1191 1727 1283 1808 τέλος

176 1837 273 1927 ι’ίκρσν
299 1834 448 1904 ἱκέσθαι·
486 1839 550 1901 τῶν
582 1859 618 1901 τε
654 1833 713 1922 γὰρ
746 1832 803 1900 καὶ
835 1840 899 1900 τῶν
933 1834 1021 1899 διδοῖ
1056 1842 1111 1916 (sc.
1140 1829 1161 1921 ἡ
1186 1831 1282 1922 τύχη).

175 1948 382 2022 oti.1,40.
427 1963 455 2005 n.
475 1948 504 2020 7,
525 1946 575 2004 36.
619 1962 647 2023 p.
675 1948 702 2018 1,
723 1944 776 2004 48.
818 1941 837 2004 i.
861 1944 891 2018 5,
913 1942 964 2003 45.

264 2097 340 2162 cum
376 2097 449 2173 hoc,
486 2115 575 2176 quem
614 2095 646 2155 in
686 2096 937 2175 praecedentibus
972 2094 1139 2176 explicavi,
1182 2095 1283 2157 vivido

176 2201 314 2263 dictionis
351 2209 456 2262 tenore
488 2198 711 2280 componendae
746 2198 887 2261 videntur
915 2199 1075 2260 nonnullae
1104 2201 1285 2276 structurae,

178 2324 254 2384 quas
292 2307 347 2366 ant
381 2303 518 2385 proprias
556 2322 626 2364 esse
654 2301 783 2364 Pindaro
817 2306 870 2364 aut
904 2303 1033 2364 libenter
1070 2305 1153 2364 certe
1180 2303 1218 2362 ab
1247 2322 1283 2364 eo

179 2408 320 2489 usmpari
347 2407 445 2470 iniis
477 2427 553 2488 quae
585 2408 769 2469 antecedunt
795 2406 980 2486 quaestionis
1010 2407 1146 2488 partibus
1167 2406 1285 2468 notavi:

179 2512 301 2574 dativus
329 2531 397 2573 cum
424 2511 525 2574 verbis
552 2511 698 2591 tangendi
724 2513 913 2592 conjunctus,
945 2511 996 2591 qui
1017 2512 1081 2591 J'am
1111 2511 1286 2590 conjunctas

179 2635 249 2678 esse
271 2613 360 2695 fingit
382 2635 431 2677 res
451 2616 488 2696 (5.
502 2619 540 2693 6,
564 2617 611 2693 7),
641 2634 698 2676 nec
720 2615 819 2676 minus
842 2615 936 2677 verba
959 2613 1105 2676 miscendi
1127 2616 1158 2674 et
1179 2612 1287 2674 similia

178 2740 246 2781 oum
274 2719 545 2799 praepositionibus
577 2712 626 2795 έν,
664 2709 721 2782 σέν
758 2719 933 2798 conjuncta,
968 2737 1060 2798 quum
1093 2717 1193 2778 inesse
1224 2718 1286 2796 jam

180 2821 321 2883 videatur
348 2823 445 2883 altera
471 2840 522 2883 res
543 2821 647 2897 alteri3
670 2823 908 2903 praepositiones
930 2821 1042 2883 locales
1065 2821 1288 2882 instrumentali

181 2925 212 2986 vi
241 2924 397 3004 praeditae
433 2924 473 3004 (5.
498 2928 532 3003 6,
554 2925 601 3002 8);
634 2925 784 3006 adjectiva
811 2928 843 2987 et
871 2924 1063 2986 substantiva
1089 2943 1157 2986 oum
1186 2923 1288 2985 dativo

183 3027 305 3108 saepius
335 3045 425 3109 quam
453 3047 521 3090 cum
546 3028 688 3109 genetivo
716 3030 874 3109 conjuncta
902 3030 940 3109 (5.
962 3031 998 3105 5,
1022 3032 1050 3092 6.
1089 3031 1126 3103 6,
1148 3030 1196 3104 7),
1229 3045 1289 3107 qua

182 3133 336 3193 structura
362 3150 467 3194 eorum
495 3131 557 3192 vim
588 3132 687 3213 excipi
716 3151 735 3194 a
760 3134 852 3194 rebus
876 3131 975 3212 magis
997 3131 1181 3205 declaratur;
1203 3149 1289 3211 prae-

183 3235 278 3296 sentis
311 3255 387 3296 usus
414 3236 446 3296 in
473 3237 563 3297 rebus
590 3237 700 3298 l'uturis
727 3235 951 3317 praedicendis,
988 3254 1063 3316 quae
1093 3236 1157 3316 jam
1181 3235 1289 3296 adesse

183 3339 323 3401 dicuntur
353 3335 550 3425 (§.10,1);
581 3340 723 3420 denique,
760 3340 840 3419 quod
876 3340 915 3400 ad
953 3337 1191 3400 enuntiationum
1220 3358 1289 3401 con·

184 3443 363 3504 structiones
396 3444 520 3520 attinet,
548 3461 608 3504 non
638 3443 794 3504 fortuitum
824 3441 895 3503 mihi
926 3442 1063 3518 videtur,
1096 3442 1127 3502 in
1155 3442 1290 3503 oratione

184 3545 304 3626 obliqua
333 3547 365 3605 et
390 3547 421 3606 in
449 3545 698 3611 conditionalibus
730 3546 863 3627 periodis
891 3546 985 3608 multo
1014 3547 1192 3627 praevalere
1221 3566 1289 3608 eum

185 3648 322 3725 modum,
352 3649 477 3727 quires
506 3653 648 3731 tanquam
677 3668 785 3712 revera
812 3650 907 3711 factas
928 3652 982 3711 aut
1002 3650 1172 3711 necessario
1194 3650 1290 3711 immi-

184 3756 291 3812 nentes
327 3755 487 3828 memoret,
522 3753 718 3816 indicativum
746 3753 786 3832 (S.
811 3757 869 3829 11,
893 3755 921 3813 2.
942 3757 991 3828 4),
1022 3752 1188 3833 particulae
1216 3774 1290 3816 vero

185 3855 267 3934 ejus,
314 3873 392 3933 qnae
436 3855 543 3916 dubias
588 3860 620 3918 et
661 3855 810 3936 cogitatas
863 3857 1069 3918 tantummodo
1112 3875 1163 3917 res
1202 3876 1291 3938 quam

184 3957 314 4019 maxime
352 3958 491 4035 denotet,
533 3950 574 4021 ὅν
611 3961 676 4022 sive
717 3953 772 4022 κέν
809 3979 898 4021 usum
933 3960 1159 4038 angustioribus
1202 3980 1291 4042 qnam

185 4061 267 4143 apnd
301 4061 376 4122 alios
405 4058 539 4124 Graecos
584 4063 746 4144 scriptores
782 4062 891 4124 finibus
930 4063 1187 4144 circumscriptum
1223 4083 1292 4124 esse

186 4165 267 4245 apud
293 4165 455 4226 Pindarum
475 4166 512 4246 (g.
535 4171 591 4243 11,
615 4174 644 4230 1.
668 4173 695 4230 3.
716 4169 765 4247 4);
796 4167 866 4228 vide
886 4167 1014 4247 denique
1034 4167 1184 4248 participii
1203 4186 1293 4228 usum

186 4267 212 4346 ς.
237 4271 293 4343 13,
312 4270 342 4330 4.
366 4302 406 4316 -
