3066 4928
1224 249 1265 308 49

243 431 439 497 substantivo
467 455 535 496 cnm
560 436 700 514 genetivo
729 436 856 496 nominis
890 437 1046 515 conjuncto
1075 436 1266 516 praepositus

153 541 203 598 est
230 539 373 601 articulus
402 539 421 602 i.
445 543 479 614 6,
505 542 545 600 45
576 531 644 600 ὁδ’
665 527 841 600 ἀθανάτων
867 535 910 624 μὴ
933 533 1109 622 θρασσέτω
1131 530 1267 622 φθόνος.

153 643 191 702 01.
214 647 270 718 12,
296 647 314 703 6
338 640 430 723 αἵγε
451 637 510 722 μέν
533 629 654 724 ἀνδρῶν
674 636 813 716 ἐλπίδες.

242 747 270 822 c)
302 744 568 806 Substantira
596 765 655 807 non
682 765 749 806 cum
776 745 932 825 adjectivis
963 748 1122 826 conjuncta
1144 766 1267 827 perraro

154 849 237 929 apud
253 849 414 910 Pindarum
436 851 572 929 generali
592 869 683 910 sensu
703 870 770 910 cum
786 851 911 911 articulo
925 850 1078 929 leguntur.
1111 850 1269 912 Interdum

156 973 225 1013 cnm
248 953 370 1014 articulo
398 955 497 1035 posita
520 959 591 1014 suut
618 954 824 1032 substantiva,
854 954 962 1033 quibus
985 955 1147 1015 moralis
1179 974 1268 1034 quae-

156 1058 226 1117 dem
247 1057 327 1117 inest
348 1059 449 1134 notio,
480 1061 510 1118 et
532 1059 562 1118 id
586 1058 706 1136 quidem
733 1058 762 1118 in
790 1058 918 1118 oraculis
941 1059 991 1118 vel
1016 1059 1197 1139 sapientium
1224 1059 1268 1120 ri-

155 1181 257 1222 rorum
281 1162 368 1223 dictis
393 1166 425 1222 et
450 1164 620 1243 praeceptis
648 1161 834 1238 (Mommsen.
859 1163 950 1240 551):
987 1183 1014 1242 p.
1032 1168 1069 1238 9,
1094 1166 1132 1224 95
1165 1164 1271 1238 κεῖνος

156 1265 300 1342 (Nereus)
325 1259 424 1328 αἰνεῖν
447 1262 501 1328 καὶ
531 1262 601 1329 τὸν
631 1261 784 1347 ἐχθρὸν
811 1258 953 1327 ἔννεπεν.
987 1266 1006 1328 i.
1027 1271 1061 1343 3,
1087 1270 1126 1327 66
1154 1262 1213 1350 χρὴ
1234 1261 1270 1327 δὲ

156 1369 226 1428 πᾶν
248 1361 365 1448 ἔρδοντ’
387 1365 576 1452 ἀμαυρῶσαι
594 1363 665 1429 τὸν
688 1363 849 1451 ἐχθρόν.
875 1389 902 1449 p.
917 1373 952 1444 2,
976 1373 1017 1428 24
1038 1361 1151 1444 Ἰξίονα
1173 1364 1271 1452 φαντὶ

157 1467 276 1551 λέγειν·
302 1468 370 1535 τὸν
391 1461 610 1554 εὐεργέταν
631 1461 764 1552 ἀγαναῖς
786 1464 940 1552 ἀμοιβαῖς
968 1467 1197 1552 ἐποιχομένους
1211 1466 1271 1533 ’τῖ-

157 1575 284 1636 νεσθαι.
312 1598 342 1656 p.
359 1581 388 1651 5,
407 1580 446 1635 41
468 1567 571 1638 ἑκόντι
597 1571 722 1656 πρέπει
743 1571 806 1658 νόῳ
829 1567 900 1637 τόν
927 1567 1089 1657 εάεργέτ
1099 1597 1143 1637 αν
1166 1570 1271 1636 ὑπαν-

156 1673 279 1740 τιάσαι.
306 1681 341 1740 cf.
361 1681 500 1760 exempla
519 1701 611 1760 snpra
632 1680 739 1741 allata:
769 1679 787 1740 i.
807 1683 842 1755 3,
867 1683 884 1739 7
907 1670 964 1740 τόν
983 1675 1085 1742 ἐσλόν.
1118 1700 1147 1760 p.
1170 1684 1205 1756 4,
1231 1683 1270 1741 75

156 1777 213 1844 τὸν
232 1779 466 1867 μονοκρήπιδα.

247 1885 356 1948 Cetera
371 1888 441 1948 talis
458 1888 576 1948 articuli
591 1889 732 1968 exempla
747 1893 819 1947 sunt
839 1887 952 1948 omnia:
975 1908 1003 1967 p.
1017 1891 1051 1963 5,
1077 1892 1092 1946 1
1116 1879 1134 1948 ὁ
1152 1885 1271 1949 πλοῖ-

157 2011 227 2064 τος
248 1982 455 2074 εὐρυσθενὴς,
488 1984 564 2052 ὅταν
584 2012 634 2064 τις
656 1979 754 2075 ἀρετᾷ
777 1985 1032 2074 κεκραμένον-
1055 1978 1149 2053 αὐτὸν
1170 1978 1272 2075 ἀνάγῃ

159 2085 342 2178 πολύφιλον
373 2085 501 2154 ἑπέταν.
540 2094 576 2154 ol
599 2099 633 2169 1,
665 2101 681 2154 1
714 2087 731 2156 ὃ
759 2089 801 2155 δὲ
827 2089 977 2177 χρυσὸς
1003 2086 1179 2172 αἰθόμενον
1207 2095 1271 2177 πῦρ

158 2190 217 2258 ὅτε
251 2192 429 2280 διαπρέπει
467 2191 553 2258 νυκτὶ
584 2188 759 2280 μεγάνορος
793 2191 886 2274 ἔξοχα
915 2192 1065 2259 πλούτου.
1110 2218 1138 2257 n.
1162 2201 1200 2272 4,
1230 2201 1270 2258 82

158 2294 178 2361 ὃ
199 2295 347 2384 χρυσὸς
374 2291 535 2384 ἑψόμενος
565 2288 665 2380 αάγάς
695 2294 814 2374 ἔδειξεν
843 2291 993 2374 ἁπάσας·
1032 2295 1141 2380 (ῖμνος
1169 2297 1206 2362 δέ
1228 2321 1271 2382 sq.

151 2403 226 2464 'sine
248 2404 395 2482 articulo).
431 2404 517 2481 frgm.
540 2407 601 2464 243
626 2398 707 2478 Διὸς
730 2403 812 2477 παῖς
835 2397 851 2465 ὁ
872 2398 1026 2487 χρυσός.

249 2508 367 2578 Quibus
389 2508 420 2567 in
438 2507 510 2568 locis
533 2508 724 2568 memorabile
739 2493 875 2586 iidetur,
897 2509 1034 2569 notiones
1048 2508 1116 2569 illas
1132 2506 1273 2582 πλοῦτος

159 2616 191 2673 et
211 2603 327 2694 χρυσός
348 2610 436 2690 quasi
461 2611 627 2672 animantes
650 2612 796 2692 vivasque
820 2611 937 2673 versari
966 2611 997 2671 in
1017 2611 1139 2671 Pindari
1161 2613 1273 2690 cogita-

159 2717 242 2777 tione
266 2716 313 2794 (cf.
336 2733 413 2794 quae
435 2715 472 2776 iis
492 2715 666 2776 tribuuntur
689 2717 838 2796 epitheta:
860 2709 1006 2796 μεγάνωρ
1029 2716 1064 2776 ol.
1083 2721 1116 2790 1,
1140 2718 1167 2774 2.
1197 2706 1272 2795 ἀγά-

161 2842 225 2903 νωρ
246 2841 274 2900 p.
294 2823 352 2894 10,
377 2823 425 2880 18.
440 2814 657 2902 ’μεγασθενής
677 2819 694 2879 i.
715 2824 750 2894 4,
774 2821 821 2896 2),
850 2838 927 2899 qnae
953 2838 1057 2878 eorum
1079 2818 1124 2878 vis
1147 2818 1272 2880 articulo

161 2923 263 2984 addito
285 2924 415 2984 fortasse
443 2923 534 2984 etiam
563 2922 661 3000 magis
684 2922 855 2984 declaratur
883 2926 915 2982 et
937 2933 1072 3002 apparet.
1118 2919 1274 3000 (Ceterum

147 3031 194 3090 in
215 3029 280 3089 loco
301 3028 396 3108 primo
418 3047 446 3107 p.
469 3030 507 3102 5,
538 3032 553 3086 l
578 3027 722 3087 articulus
745 3027 836 3087 etiam
858 3046 925 3086 cum
945 3025 1132 3086 Mommseno
1154 3025 1198 3086 ita
1220 3046 1273 3085 ex-

160 3131 266 3214 plicari
291 3136 407 3212 potest,
433 3133 468 3192 nt
489 3130 600 3191 indicet
626 3131 797 3210 sequentia,
826 3130 896 3190 vide
920 3133 955 3205 2,
976 3132 1011 3203 b;
1042 3130 1078 3191 cf.
1102 3128 1139 3192 ol.
1163 3133 1199 3206 2,
1222 3133 1272 3191 53.

162 3242 219 3315 11,
242 3237 305 3314 88.)

250 3339 381 3400 Restant
410 3341 472 3399 tres
502 3339 621 3398 tantum
649 3337 721 3397 loci:
758 3357 786 3417 p.
807 3341 843 3413 4,
874 3339 936 3398 286
976 3329 993 3398 ὁ
1025 3330 1099 3419 γάρ
1128 3332 1276 3420 καιρὸς

163 3439 247 3528 πρὸς
269 3433 456 3526 ἀνθρώπων
482 3436 581 3523 βραχὺ
604 3435 720 3522 μέτρον
740 3431 812 3517 iicet.
850 3460 878 3521 p.
900 3446 934 3516 3,
962 3443 1024 3500 114
1053 3431 1131 3501 ἅδ’
1153 3432 1277 3522 ἀρετὰ
1375 3481 1377 3486 -

163 3543 304 3620 κλειναῖς
334 3538 462 3618 ἀοιδαῖς
481 3536 594 3626 χρονία
615 3537 753 3608 τελέθει.
791 3544 827 3604 ol.
850 3548 883 3619 7,
909 3547 950 3605 30
978 3535 1019 3603 αῖ
1049 3537 1091 3603 δέ
1115 3544 1276 3625 φρενῶν

162 3643 342 3733 ταραχαὶ
365 3652 445 3726 (cnm
460 3648 602 3726 genetivo
619 3647 822 3725 conjunctum)
844 3640 1069 3728 παρέκλαγξαν
1086 3639 1141 3705 καῖ
1158 3638 1277 3727 οοφόν;

165 3773 243 3834 quae
267 3753 450 3828 sententiae,
481 3751 538 3812 etsi
568 3750 703 3828 singulas
732 3769 782 3809 res
812 3750 991 3829 respiciunt,
1021 3767 1146 3828 prorsus
1174 3751 1275 3808 tamen

163 3857 348 3938 generaliter
376 3855 473 3916 dictae
505 3859 588 3932 sunt,
621 3873 713 3934 quare
736 3853 825 3913 nolim
848 3873 915 3913 cnm
938 3852 1125 3913 Mommseno
1154 3851 1197 3911 ita
1225 3871 1276 3912 ex-

162 3963 275 4043 plicare
305 3981 357 4021 eos
388 3959 548 4036 articulos,
580 3962 615 4018 ut
643 3957 908 4017 commonefaciant
934 3976 1053 4031 eorum,
1087 3973 1165 4034 qnae
1188 3957 1279 4014 antea

164 4065 244 4126 dicta
267 4064 327 4125 sint
348 4065 396 4142 (2,
418 4066 455 4142 c).

254 4167 372 4238 Quibus
394 4167 566 4229 addendum
588 4167 636 4225 est
656 4165 786 4226 fortasse
810 4162 987 4224 eBoeckhii
1009 4163 1180 4241 conjectura
1203 4181 1230 4221 n.
1249 4165 1275 4239 7,
1386 4151 1388 4156 ’

167 4275 207 4332 25
231 4266 289 4332 τὰν
312 4261 471 4333 ἀλάθειαν
495 4273 618 4354 plenam
641 4272 728 4350 atque
750 4271 897 4350 ι’κῖεμνοοι
919 4270 1083 4329 veritatem.

210 4389 371 4443 Erdmann,
391 4391 427 4431 Da
441 4391 537 4431 P1ndari
550 4401 593 4430 usu
607 4390 742 4440 syntectico.
1077 4371 1097 4427 4
