3066 4928
1246 199 1287 258 67

164 388 341 470 promiscue
363 406 430 448 cum
452 379 530 447 ὅταν
551 402 579 464 p.
600 387 629 458 2,
651 384 693 443 88
700 406 708 456 ;
733 369 794 444 εὖτ’
818 372 858 442 t'o
881 381 1038 463 quinquies
1064 382 1285 464 (conjunctivus

165 496 257 572 aon).
296 482 433 576 1111101
455 482 589 550 ἐπειδάν
611 507 671 549 non
692 487 838 567 leguntur
860 488 942 569 apud
959 487 1131 552 Pindarum.

263 595 423 676 Nunquam
446 611 519 654 vcro
547 592 578 653 in
608 591 862 653 enuntiationibus
891 592 1107 672 temporalibus
1136 593 1288 674 optati-

169 719 261 760 vum
282 699 383 760 inveni
412 698 493 779 apud
514 696 677 757 Pindarum
707 697 809 774 (etiam
831 715 860 777 p.
882 701 917 772 1,
938 698 981 758 48
1003 716 1063 758 101
1084 697 1287 778 recipiendum

184 809 223 865 ·st
239 795 421 889 εὑρίσκοιτο
442 801 607 863 secundum
621 801 748 882 optimos
764 801 893 877 codices,
909 802 987 882 quod
1002 801 1073 862 fecit
1087 800 1288 879 Bceekhius);

170 932 204 970 ..1
240 908 358 987 obliqua
392 925 511 986 quoque
540 905 656 967 ratione
687 905 796 985 ubique
826 905 1033 986 conjunctivus
1071 909 1211 968 servatus
1241 910 1289 966 est

165 1015 209 1096 (g.
237 1018 293 1088 11,
318 1016 360 1092 1).

683 1269 708 1347 ς,
734 1273 783 1330 12.

524 1424 585 1504 De
615 1422 810 1506 infinitivi
840 1449 928 1508 usu.

261 1643 432 1706 Infinitivus
456 1643 541 1704 verbi
563 1643 715 1704 notionem
734 1662 840 1724 puram
861 1645 945 1705 nulla
967 1664 1132 1726 personas,
1163 1649 1289 1722 numeri,

175 1751 255 1811 modi
281 1748 428 1810 relatione
458 1748 560 1809 addita
589 1747 753 1827 significat;
792 1749 936 1829 temporis
966 1770 1083 1831 quoque
1110 1751 1287 1831 significatio

172 1855 254 1916 haud
275 1871 344 1914 raro
366 1853 467 1929 deest,
499 1853 577 1933 quod
604 1871 695 1931 quam
716 1854 846 1914 maxime
872 1852 938 1914 fieri
960 1856 1037 1916 solet
1065 1856 1096 1916 iu
1118 1854 1221 1916 aoristi
1245 1857 1287 1917 in-

173 1956 306 2031 finitivo,
345 1957 430 2036 cujus
462 1956 602 2037 exempla
633 1956 702 2017 vide
734 1957 758 2037 j.
779 1959 836 2032 10,
864 1961 892 2018 5.
945 1956 1026 2028 Quin
1057 1958 1147 2022 etiam
1175 1978 1290 2038 genera

175 2062 261 2122 verbi
291 2060 443 2122 interdum
472 2080 532 2121 non
554 2061 782 2140 distinguuntur
809 2062 841 2121 in
869 2061 1029 2140 infinitivo,
1058 2083 1149 2142 quum
1172 2065 1289 2143 θαῦμα

175 2157 312 2228 ἀκοῦσαι
334 2170 379 2243 (=
395 2164 503 2226 mirum
519 2165 637 2248 auditu)
656 2165 734 2226 verti
750 2167 847 2244 possit
868 2167 914 2226 et:
939 2169 1052 2228 miram
1075 2169 1105 2228 si
1128 2167 1288 2242 audiverat,

174 2273 221 2332 et:
245 2272 357 2331 mirum
379 2271 408 2331 ai
428 2269 580 2332 audiatur.

263 2371 300 2433 [n
323 2372 508 2453 disponendo
539 2372 679 2434 infinitivi
700 2370 809 2434 Graeci
838 2394 913 2450 usu,
942 2393 975 2434 rc
998 2373 1182 2452 difficillima,
1210 2375 1291 2437 viam

174 2476 246 2537 mihi
275 2477 431 2556 praebebit
462 2477 575 2538 formae
607 2477 709 2556 origo,
739 2497 829 2557 quarn
856 2477 1023 2539 secundum
1052 2475 1089 2539 (1.
1113 2477 1250 2541 Curtium
1268 2477 1293 2563 1)

176 2581 337 2642 locativam
363 2599 432 2640 esse
459 2584 540 2676 puto.
586 2580 674 2652 Quae
702 2581 815 2642 formae
844 2581 928 2658 origo
959 2580 1016 2642 etsi
1042 2600 1101 2640 non
1122 2581 1232 2662 ubique
1263 2582 1293 2642 in
1319 2663 1323 2668 1

178 2703 216 2744 01
245 2701 323 2764 quae
349 2683 434 2744 nobis
463 2686 603 2764 superest
625 2681 742 2745 Graeca
771 2683 877 2762 lingna
906 2683 987 2745 cerni
1016 2685 1131 2762 potest,
1154 2685 1293 2763 ‘vestigia

179 2793 281 2850 tamen
305 2788 371 2867 ejus
401 2787 627 2869 antiquissimae
656 2786 884 2866 significationis
915 2805 1055 2848 servasse
1078 2787 1151 2848 mihi
1172 2787 1293 2850 videtur

179 2891 362 2965 infinitivus,
391 2891 442 2952 ubi
466 2925 506 2935 —
537 2909 633 2969 aeque
662 2909 697 2951 ac
720 2889 819 2970 supini
845 2891 925 2968 quod
952 2889 1060 2950 dicitur
1088 2890 1237 2951 ablativus
1262 2891 1292 2952 in

180 2996 285 3074 lingua
307 2995 478 3056 Latina-
501 2995 675 3075 adjectivis,
709 2994 907 3056 substantivis
936 2994 987 3054 vel
1007 2994 1097 3056 etiam
1120 2996 1220 3056 verbis
1243 2997 1293 3058 ad·

181 3101 261 3161 ditus
293 3099 405 3161 indicat
436 3099 467 3160 id
498 3119 595 3178 genus
627 3098 768 3176 actionis,
803 3118 861 3178 quo
894 3097 941 3158 vis
974 3117 1077 3158 eorum
1107 3100 1294 3176 continetur3

180 3202 314 3266 Graecos
333 3205 427 3283 igitur
447 3205 641 3265 homiues-
661 3207 697 3265 ut
715 3204 825 3283 ubique
845 3203 968 3262 erebus
988 3203 1127 3264 sensibus
1142 3206 1294 3286 perceptis

181 3308 394 3388 intelliguntur
424 3311 525 3370 mente
554 3308 793 3370 necessitudines
825 3326 927 3368 rerum
955 3307 1070 3386 logicae
1096 3343 1140 3354 -
1171 3309 1295 3369 intuitos

181 3433 250 3474 esse
275 3417 348 3494 puto
378 3432 444 3474 cam
475 3412 621 3474 actionem
644 3414 729 3474 velut
749 3413 907 3490 circulum,
936 3411 967 3472 in
986 3432 1044 3492 quo
1066 3412 1113 3473 vis
1134 3413 1295 3492 adjectivo-

180 3537 264 3593 rum,
293 3517 565 3593 substantivorum,
593 3518 754 3578 verborum
783 3517 868 3598 quasi
890 3519 1066 3577 versaretur
1094 3519 1125 3577 et
1155 3515 1294 3577 determi-

179 3627 319 3696 naretur;
342 3623 377 3683 ut
399 3609 525 3702 ἆγαθὸς
552 3615 740 3706 μάρνασθαι
767 3621 878 3680 dictum
902 3620 942 3680 111
964 3619 1102 3700 primitus
1126 3639 1221 3700 aeque
1244 3639 1294 3681 ac:

180 3724 266 3787 fortis
294 3725 325 3786 iu
348 3725 519 3805 pugnando.
533 3721 559 3809 ²)
602 3724 678 3784 Inde
707 3727 814 3805 postea
841 3725 957 3784 mutata
979 3726 1011 3783 01
1032 3724 1117 3803 quasi
1140 3723 1295 3784 debilitata

254 3991 279 4056 1)
309 3991 513 4056 Erldutsrrmgen
531 4005 590 4055 pag.
611 3995 668 4045 186.
691 3996 748 4043 lav.

253 4077 280 4143 2)
309 4077 403 4128 Nescio
431 4091 463 4126 an
484 4075 589 4126 eundem
615 4078 643 4126 iu
666 4078 768 4127 modum
790 4075 933 4142 explicandi
959 4077 1010 4126 sint
1035 4075 1114 4127 dativi
1135 4077 1228 4128 talibus
1252 4075 1295 4126 ad·

179 4150 281 4231 jectivis
299 4162 500 4228 frequentissime
526 4161 671 4214 aPindaro
696 4163 776 4213 additi
798 4163 829 4228 (j.
847 4169 877 4225 6,
901 4162 942 4228 9);
968 4178 1018 4212 una
1037 4178 1093 4213 curn
1111 4163 1238 4213 infinitivo
1259 4164 1296 4212 ita

182 4249 296 4314 positum
313 4248 384 4299 vides
404 4247 516 4300 dativum
535 4247 551 4302 i.
570 4254 599 4310 6,
617 4253 648 4297 22
668 4250 765 4301 σθένει
786 4247 926 4316 ἔκπαγλος
944 4248 1016 4300 idria
1034 4263 1062 4300 τε
1082 4244 1226 4318 μορφάεις.

1030 4333 1078 4397 511
