3066 4928
244 219 285 282 80

241 408 338 490 τύχας
360 408 413 476 καί
436 404 645 496 μαρναμένων
668 415 810 497 conjungi
824 417 952 496 possunt
969 415 1103 495 genetivi
1125 436 1193 477 oum
1212 417 1352 479 substan-

241 517 313 578 tivis
337 508 450 598 όλβος,
472 510 628 602 ἀφάνεια,
653 519 707 580 sed
729 520 810 581 inest
824 521 888 600 jam
905 521 1069 581 sententia:
1090 541 1183 602 quum
1198 524 1350 599 curantur,

242 622 380 702 quamvis
402 621 546 683 laborent.
569 659 613 667 —

330 723 473 787 Similiter
501 727 592 788 etiam
617 728 737 788 dativus
759 728 908 808 participii
942 729 1095 790 interdum
1124 730 1202 792 solvi
1233 731 1350 792 videtur

242 833 411 906 structura,
434 831 470 896 cf.
492 832 632 911 exempla
653 850 731 910 quae
753 833 841 893 attuli
863 834 887 912 5.
912 839 940 909 6,
965 836 999 907 5,
1030 834 1137 914 quibus
1160 835 1253 896 etiam
1280 836 1349 896 libe·

240 935 321 996 riora
336 934 478 995 videntur
500 955 527 995 n.
546 941 574 1010 1,
589 938 630 996 46
647 927 894 1017 ἀγχομένοις
914 929 1028 1020 χρόνος
1046 934 1151 1022 ψυχὰς
1166 927 1351 1000 ἀπέπνευσε

240 1033 364 1118 μελέων
384 1041 439 1116 iis,
462 1059 553 1120 φιαω
575 1044 761 1122 caperentur.
806 1041 842 1101 ot
861 1046 888 1117 7,
906 1045 944 1102 61
969 1037 1197 1122 μνασθέντι
1219 1038 1255 1104 δὲ
1271 1039 1351 1116 Ζεὺς

242 1134 396 1222 ἀμπαλον
416 1137 530 1222 μέλλεν
554 1138 665 1224 θέμεν.
682 1145 713 1205 .i.
730 1149 765 1220 3,
788 1149 844 1206 18:
869 1138 948 1207 αἰών
967 1140 1003 1207 δέ
1025 1141 1351 1226 κυλινδομέναις

241 1239 416 1330 ἁμέραις
427 1281 470 1291 -—
482 1239 665 1325 ἐξάλλαξεν,
687 1251 719 1308 ct
732 1249 863 1309 maxime
875 1249 939 1328 jam
963 1251 1001 1310 ad
1017 1249 1187 1310 absolutum
1203 1251 1352 1331 participii

242 1371 331 1413 usum
367 1352 511 1412 accedere
549 1352 671 1412 videtur
691 1353 813 1413 dativus
851 1354 1011 1431 01.2‚4v
1048 1356 1114 1432 (43)
1152 1347 1278 1439 λείφθη
1315 1349 1350 1416 δὲ

246 1449 449 1538 Θέρσανδρος
478 1449 666 1538 ἐριπέντι
695 1451 946 1519 Πολυνείκει
976 1463 1093 1520 mortuo
1115 1459 1264 1540 Polynice.
1309 1457 1350 1520 cf.

243 1559 382 1640 exempla
411 1559 571 1622 Homerica
597 1562 677 1642 apud
707 1559 901 1640 Classenum,
931 1565 962 1622 ct
990 1561 1103 1623 Herod.
1125 1559 1175 1637 ΙΙ,
1206 1565 1247 1623 47
1277 1557 1349 1642 ἐμοὶ

241 1658 352 1743 μέντοι
376 1656 593 1747 ἐπισταμένῳ.

331 1769 426 1831 Vides
448 1768 534 1830 initia
556 1770 712 1830 absolutae
735 1769 966 1831 constructionis
986 1769 1088 1830 inesse
1110 1773 1140 1830 et
1155 1770 1299 1849 genetivo
1321 1775 1352 1832 et

243 1873 361 1949 dativo;
385 1875 439 1934 sed
462 1875 625 1953 genetivus
648 1876 730 1934 solus
752 1874 904 1935 liberrime
923 1877 954 1934 et
970 1874 1180 1953 vulgatissima
1199 1875 1242 1936 ita
1265 1896 1351 1934 usur-

241 1983 332 2059 patus
360 1980 407 2038 est
434 1998 491 2058 per
512 1982 607 2040 totam
630 1979 763 2058 linguam
786 1974 940 2039 Graecam.
985 1978 1034 2040 Ita
1062 1979 1152 2039 etiam
1180 1981 1261 2058 apud
1284 1979 1351 2039 Pin-

243 2083 350 2143 darum
379 2084 588 2162 genetivorum
617 2103 741 2164 prorsus
768 2084 972 2144 absolutorum
1004 2083 1077 2144 satis
1108 2103 1219 2162 magna
1249 2087 1352 2144 exstat

245 2189 347 2268 copia,
370 2187 604 2267 significantium
628 2191 659 2248 et
682 2191 845 2269 tempus:
877 2207 906 2267 p.
928 2190 958 2263 4,
981 2191 1042 2248 292
1073 2181 1226 2270 λήξαντος
1248 2179 1350 2271 σ’έρου.

243 2292 331 2372 frgm.
363 2292 464 2374 hymn.
497 2297 537 2354 13
569 2293 614 2352 ed
646 2289 865 2353 Schneidewin.
894 2279 1168 2364 ἀντιπνεύσαντος
1191 2282 1349 2375 Ζεφύρου.

243 2416 271 2457 n.
296 2401 324 2473 6,
345 2399 385 2457 56
409 2392 583 2476 Μέμνονος
606 2383 662 2458 oria
684 2384 979 2481 ἀπονοστήσαντος.
1025 2416 1052 2476 p.
1068 2398 1097 2471 4,
1120 2399 1176 2456 69ε
1199 2389 1351 2455 πλευσάν-

242 2522 307 2562 των
328 2501 467 2564 Μινυᾶν.
500 2522 528 2582 p.
550 2508 576 2579 1,
601 2506 642 2562 80
663 2493 786 2583 ἀνδρῶν
809 2491 984 2579 καμόντων.
1007 2519 1036 2560 n.
1060 2502 1110 2575 10,
1124 2502 1164 2560 49
1181 2491 1352 2580 Κάστορος

243 2598 406 2680 ἐλθόντος,
436 2609 477 2666 59
500 2600 663 2689 φθιμένου
679 2596 859 2686 Κάστορος.
886 2604 1021 2681 01.6,15
1049 2606 1165 2686 νεκρῶν
1184 2601 1352 2666 τελεσθέν-

242 2729 316 2773 των.
357 2711 393 2772 ol.
413 2715 441 2787 3,
467 2715 504 2772 19
534 2711 653 2790 βωμιῦν
679 2699 890 2790 ἁγισθέντων.
924 2729 952 2788 p.
977 2713 1030 2784 11,
1060 2712 1100 2769 33
1131 2700 1350 2792 πυρωθέντων

246 2805 372 2898 Τρώων.
401 2834 430 2877 n.
454 2820 482 2890 1,
505 2817 544 2873 41
569 2807 738 2891 οἰχθεισᾶν
764 2810 878 2874 πυλᾶν.
922 2811 1009 2891 frgm.
1033 2815 1090 2887 45,
1121 2816 1160 2873 13
1185 2804 1352 2889 οἰχθέντος

243 2909 404 2997 θαλάμου.
440 2920 527 2998 frgm.
553 2922 609 2978 10:
641 2910 752 2978 κείνων
781 2909 941 2978 λυθέντων
948 2941 959 2994 ,·
996 2918 1031 2977 ol.
1058 2920 1092 2994 5,
1114 2920 1153 2978 23
1185 2907 1261 2977 υἱῶν
1288 2937 1351 2976 πα-

243 3013 449 3106 ρισταμένων.
477 3043 505 3104 p.
531 3025 637 3098 11,17
664 3015 876 3105 φονευομένου
900 3014 1032 3103 πατρός.
1071 3041 1099 3081 n.
1118 3024 1145 3097 6,
1162 3023 1203 3081 30
1218 3013 1351 3097 ἀποιχο-

242 3117 344 3206 μένων
371 3113 500 3210 ἀνέρων.
540 3127 558 3188 i.
583 3129 658 3202 5,6
688 3117 855 3187 Φυλακίδα
890 3127 1054 3200 νεκᾶνντσς.
1097 3126 1186 3204 frgm.
1214 3129 1255 3187 94
1285 3117 1372 3186 535.-

244 3249 328 3291 πνον
350 3221 509 3314 λήγοντος.
541 3231 628 3309 frgm.
652 3234 701 3306 96,
727 3231 748 3288 4
769 3220 984 3312 πρασσόντων
1005 3223 1148 3308 μελέων,·

331 3336 363 3394 et
400 3353 553 3395 oausam
592 3335 657 3396 sive
682 3331 973 3394 conditionem:
1006 3332 1042 3393 ol.
1068 3337 1104 3407 3,
1127 3336 1166 3394 39
1198 3321 1350 3394 εάίππων

243 3430 399 3500 διδόντων
431 3434 646 3523 Τυνδαριδᾶν,
677 3440 709 3498 et
730 3437 762 3497 in
786 3435 930 3496 similibus
953 3435 1152 3497 locutionibus
1174 3457 1201 3497 n.
1227 3439 1278 3513 10,
1303 3440 1352 3497 10.

243 3563 270 3602 n.
296 3546 323 3622 3,
350 3545 408 3617 83;
444 3543 532 3623 frgm.
558 3547 658 3620 75,1.
689 3562 717 3621 p.
740 3544 769 3618 5,
794 3542 1041 3616 3.10,49,-
1068 3561 1096 3620 p.
1119 3545 1170 3616 10,
1192 3544 1232 3602 55
1253 3532 1351 3625 Ἐφυ-

244 3638 343 3729 ραίων
358 3693 365 3708 .
382 3693 412 3709 ..
436 3637 647 3729 προχεόντων.
679 3646 768 3724 frgm.
780 3648 838 3721 49,
857 3647 878 3704 4
901 3635 1129 3726 ἁρπαζομένων
1143 3644 1206 3706 τῶν
1226 3636 1351 3707 ε’όντων.

332 3749 542 3812 Memorabiles
565 3751 707 3812 videntur
729 3753 888 3830 praeterea
914 3749 935 3807 ii
958 3748 1030 3824 loci,
1061 3747 1093 3808 in
1123 3750 1230 3828 quibus
1261 3749 1353 3830 parti·
1431 3739 1433 3746 ’

243 3854 353 3935 cipium
375 3855 440 3915 sine
462 3855 589 3916 nominis
609 3855 752 3934 genetivo
766 3853 897 3935 positum
918 3856 982 3913 est:
1005 3873 1034 3917 n.
1052 3858 1080 3930 1,
1097 3857 1137 3914 32
1154 3843 1350 3936 adportatur.

244 3977 272 4039 p.
289 3961 318 4034 8,
339 3961 380 4020 43
403 3950 610 4043 μαρναμένων
630 3945 686 4022 εὗδ’
710 3947 800 4036 etrum
825 3960 856 4018 et
877 3957 908 4016 in
931 3957 1036 4018 eodem
1058 3957 1189 4019 carmine
1212 3977 1240 4037 p.
1257 3959 1287 4033 8,
1309 3960 1350 4018 85

245 4054 319 4126 οὐδὲ
341 4058 549 4141 μολόντων
579 4059 648 4146 πάρ
678 4053 802 4146 ματέρα
826 4053 911 4143 ἀμφὶ
926 4053 1024 4142 γέλως
1045 4051 1146 4145 ὦρσεν
1165 4053 1269 4144 χάριν,
1300 4061 1352 4121 ubi

243 4152 331 4248 ἀμφί
353 4185 420 4227 oum
442 4169 534 4230 verbo
557 4169 705 4248 conjungo
728 4187 796 4228 cum
820 4163 958 4229 Disseno.
979 4186 1007 4246 p.
1031 4169 1061 4243 4,
1083 4169 1155 4228 232.
1177 4185 1205 4226 n.
1229 4166 1279 4241 10,
1295 4167 1353 4226 89:

244 4260 288 4346 ίδς
310 4263 358 4352 ἀρ’
382 4259 589 4347 αι’·δάσαντος.
628 4272 664 4333 ol.
691 4275 745 4350 13,
770 4271 808 4330 15
831 4261 1087 4353 ὑπερελθόντων.

1506 4045 1508 4168 t

1505 4187 1507 4324 λ
