3066 4928
261 285 282 346 4

348 470 463 536 Similia
485 477 556 534 sunt
575 466 613 535 τὸ
637 463 781 554 συγγενές
798 491 826 552 p.
848 473 904 547 10,
928 473 977 530 12.
1009 489 1036 529 n.
1059 472 1094 545 6,
1118 472 1153 545 8,
1175 465 1254 548 quod
1276 467 1374 528 totam

141 589 147 602 ¹
259 579 390 641 indolem
408 578 536 640 hominis
559 577 764 658 amplectitur,
786 579 831 652 et,
855 593 933 654 quae
947 574 1078 634 maxime
1099 573 1128 634 ei
1144 573 1281 654 opposita
1299 572 1375 630 sunt

259 683 340 764 apud
368 682 544 760 Pindarum,
573 676 614 742 τὰ
640 674 777 742 διδακτά
802 699 830 739 n.
853 683 888 758 3,
921 678 1105 761 41;·01.2,
1137 682 1174 738 71
1205 676 1272 754 (69)
1302 665 1372 736 ἀπὸ

259 774 378 848 ἀδίκων
408 777 491 862 digera
520 774 626 868 ψυχάν
651 813 685 832 =
713 775 781 843 ἀπὸ
812 771 958 856 uidentem
991 784 1022 841 et
1049 780 1081 840 in
1110 780 1215 841 eodem
1239 778 1371 840 carmine

259 891 295 951 cl.
308 894 343 966 2,
362 892 403 951 57
420 891 488 968 (52)
511 883 669 972 παραλύει
691 882 889 970 δνςφρόνων,
912 886 991 966 quod
1013 905 1092 972 unus
1108 888 1189 946 certe
1209 881 1372 943 scholiasta

255 993 369 1071 legisse
405 992 478 1052 mihi
507 991 644 1066 videtur,
688 990 861 1071 explicans:
899 991 962 1050 τῶν
991 978 1148 1062 δοςκόλων
1180 979 1371 1070 φροντίδων,

256 1095 385 1157 sortasse
401 1094 492 1155 etiam
507 1093 572 1168 alii;
590 1110 684 1173 quare
694 1092 797 1153 dubito
813 1111 885 1153 num
900 1095 983 1154 recte
999 1089 1154 1171 scripserit
1163 1088 1370 1150 Mommsenus

256 1186 456 1283 ἅφροσυνᾶν,
479 1197 615 1259 Dindorfi
631 1199 712 1258 certe
728 1197 910 1258 mutatione:
932 1193 1110 1279 δνςφρονᾶν
1128 1213 1187 1254 non
1202 1213 1277 1274 opus
1300 1211 1370 1252 esse

256 1303 393 1379 videtur,
428 1322 520 1382 quum
550 1302 625 1365 satis
652 1302 749 1364 multa
773 1304 896 1364 exstent
922 1301 1063 1381 exempla
1085 1298 1302 1379 adjectivorum
1330 1296 1371 1356 si-

256 1406 370 1468 militer
390 1408 612 1488 usurpatorum.

343 1510 494 1573 Neutrum
524 1510 665 1590 adjectivi
693 1511 858 1592 praedicati
886 1510 918 1570 in
947 1509 1068 1571 modum
1095 1509 1175 1569 hand
1203 1525 1272 1567 raro
1301 1525 1369 1567 con-

254 1615 394 1695 jungitur
421 1615 503 1697 apud
528 1617 634 1696 poetes
665 1633 734 1676 cum
764 1615 977 1689 substantivis3
1006 1613 1086 1693 quod
1108 1612 1230 1673 liberius
1258 1611 1369 1671 factum

255 1719 378 1784 videtur
404 1737 423 1778 a
448 1717 578 1780 Pindaro
607 1717 697 1779 etiam
725 1739 781 1800 per
810 1717 1031 1780 accusativum:
1068 1718 1086 1778 i.
1112 1720 1146 1792 6,
1175 1718 1215 1776 23
1246 1705 1315 1796 ὂίγει
1341 1707 1369 1774 d'

256 1812 372 1904 ἀρετὰν
394 1808 452 1882 οὐκ
472 1811 598 1898 αἴσχιον
620 1821 712 1903 φυᾶς.

774 2156 799 2234 §-
825 2161 853 2217 n.

567 2311 628 2393 De
657 2335 923 2394 numerorum
951 2337 1040 2394 usu.

347 2535 374 2592 1.
407 2527 637 2608 Singularis
659 2530 787 2590 nominis
809 2505 964 2590 collective
987 2549 1079 2590 sensu
1101 2529 1235 2611 prototo
1254 2547 1366 2607 genere

256 2653 358 2694 rerum
384 2633 500 2714 positus
521 2633 625 2714 paucis
648 2633 721 2694 locis
743 2633 897 2696 invenitur
918 2633 999 2715 apud
1018 2634 1196 2710 Pindarum,
1224 2635 1258 2694 ut
1278 2634 1315 2694 ol.
1339 2636 1367 2707 7,

259 2741 299 2798 19
313 2725 446 2821 Ἀργείᾳ
466 2731 521 2799 σὺν
541 2729 640 2820 αἰχμᾷ
660 2757 715 2818 pro
737 2731 866 2817 αἰχμαῖς
889 2739 939 2799 vel
953 2741 1054 2820 potius
1070 2729 1238 2823 αἰχμήναις
1252 2735 1366 2817 (Eurip.

256 2833 354 2924 μυρία
382 2835 493 2926 λόγχη,
531 2841 610 2920 alia).
660 2840 721 2903 Sed
757 2843 837 2922 quod
864 2842 1043 2924 Kruegerus
1074 2843 1163 2905 affert
1195 2842 1367 2923 exemplum

258 2945 351 3024 (synt.
373 2942 520 3018 dial44,
543 2948 577 3020 1,
602 2944 634 3020 1)
663 2964 691 3024 p.
714 2947 750 3020 4,
772 2949 834 3006 256
863 2935 949 3030 ἆμαρ
977 2937 1127 3031 ἢνύκτες
1153 2966 1213 3008 non
1242 2964 1366 3026 prorsus

257 3047 354 3107 simile
381 3046 503 3108 videtur
524 3044 684 3109 Homerico
713 3048 765 3110 illo
793 3040 910 3126 νύκτας
936 3071 972 3113 νε
1000 3046 1054 3112 καὶ
1081 3040 1181 3136 ἦμαρ,
1216 3069 1308 3131 quum
1332 3049 1369 3110 de

257 3150 338 3210 certo
361 3148 490 3229 quodam
512 3147 576 3224 die,
607 3148 657 3228 qui
680 3151 742 3212 fato
764 3153 965 3232 praestitutus
993 3157 1073 3230 erat,
1104 3155 1184 3215 dieat
1203 3153 1368 3229 Pindarus,

256 3272 354 3333 neque
376 3272 444 3314 oum
466 3251 653 3315 Bernhardio
674 3253 812 3335 (syntax
837 3277 905 3338 pag.
923 3261 976 3335 59)
996 3259 1016 3324 i.
1035 3261 1073 3334 4,
1097 3260 1138 3318 45
1159 3261 1225 3334 (40)
1248 3249 1370 3341 πύργος

256 3358 299 3419 ita
322 3357 475 3438 explicare
497 3358 602 3435 velim,
624 3378 716 3438 quum
736 3380 796 3422 non
817 3361 998 3442 intelligam,
1021 3383 1075 3424 our
1095 3362 1127 3422 in
1143 3362 1298 3444 praeclaro
1319 3363 1370 3424 illo

255 3461 321 3522 loco
341 3462 444 3542 plures
469 3480 527 3523 una
547 3463 650 3523 turres
672 3466 852 3526 statuendae
876 3467 945 3529 sint.

344 3569 372 3626 2.
408 3564 500 3627 Haud
521 3584 589 3627 raro
612 3587 684 3629 vero
714 3570 892 3649 pluralis
922 3590 976 3652 pro
999 3571 1146 3650 singulari
1174 3569 1291 3652 positus
1314 3573 1370 3646 est,

184 3747 186 3754 γ
256 3668 307 3728 ubi
329 3669 479 3730 sententia
501 3669 677 3751 divulgatur
699 3673 736 3734 ab
762 3693 798 3735 eo
825 3676 863 3735 de
888 3696 946 3754 quo
968 3678 1040 3736 tunc
1064 3675 1165 3754 agitur
1187 3674 1305 3736 homine
1333 3675 1370 3734 ad

257 3791 359 3832 omnes
383 3773 435 3851 qui
453 3773 589 3851 ejusdem
610 3776 787 3839 conditionis
808 3797 877 3838 esse
901 3783 1046 3859 possunt;
1069 3798 1160 3858 qnam
1181 3781 1370 3856 structuram,

257 3875 367 3955 optime
391 3878 620 3940 convenientem
640 3880 847 3961 dithyrambo,
875 3884 926 3961 qui
949 3885 1039 3945 rebus
1063 3886 1159 3964 gestis
1184 3883 1370 3945 celebrandis

257 3998 347 4060 quam
374 3982 504 4043 maxime
532 3984 667 4046 intentus
700 3989 870 4048 accuratam
892 3988 1091 4069 subtilemque
1121 3989 1286 4051 orationem
1312 4008 1372 4049 non

256 4085 358 4158 curat,
387 4084 473 4146 vides
501 4086 588 4166 irgm.
617 4088 688 4149 dith.
721 4093 756 4166 3,
786 4093 827 4149 10
858 4079 949 4170 γόνον
978 4081 1148 4153 ὑπάτων
1178 4086 1371 4173 πατέριον

256 4179 421 4265 μελπὲμεν
450 4189 654 4268 γυναικῶν
682 4211 725 4251 τε
748 4184 973 4271 Καδμείων
999 4184 1129 4273 ἔμολον,
1165 4194 1216 4254 ubi
1246 4194 1284 4254 de
1312 4212 1371 4253 uno

258 4286 393 4370 Dionyso
418 4290 528 4370 agitur.
