3066 4928
1235 255 1272 314 41

257 445 303 506 De
325 444 444 508 casibus
475 465 543 507 oum
564 442 933 527 praepositionibus
962 442 1127 523 conjunclis
1156 442 1188 504 in
1209 441 1277 504 Pin-

166 550 235 612 dari
257 550 436 612 carminibus
460 551 581 632 scripsit
602 549 743 612 Bossler:
773 548 819 608 De
841 547 1095 629 praepositionum
1115 568 1174 608 usu
1197 547 1279 628 apud

163 654 338 716 Pindarum
375 655 560 717 Ilarmstadii
583 659 675 719 1862.
719 653 787 724 Quo
815 654 846 714 in
870 654 945 714 libro
977 673 1068 735 quum
1091 651 1279 732 singularum

165 759 424 840 praepositionum
445 779 518 820 usus
542 758 771 839 diligentissime
793 760 1001 840 perscrutatus
1022 757 1078 833 sit,
1101 777 1158 837 ego
1181 756 1278 818 asin-

170 862 310 944 gularum
332 864 586 945 praepositionum
608 884 667 924 usu
693 863 878 926 recensendo
900 862 1072 937 abstinebo,
1101 864 1132 923 et
1154 862 1192 922 de
1213 860 1279 922 uni·

169 987 260 1029 versa
273 967 396 1029 Pindari
415 969 631 1030 consuetudine
650 968 680 1030 id
699 969 795 1030 solum
816 968 987 1028 memorabo
1002 1001 1046 1012 -
1061 967 1140 1045 quod
1155 964 1278 1027 Bossler

168 1075 234 1134 tota
256 1073 433 1152 quaestione
455 1073 620 1134 illustravit
641 1109 685 1118 -
711 1072 872 1134 Pindarum
894 1070 1051 1152 primarias
1075 1073 1105 1131 et
1127 1070 1278 1151 simplices

168 1178 425 1258 praepositionum
449 1177 682 1258 significationes
706 1197 795 1258 quam
815 1176 946 1237 maxime
969 1193 1110 1237 servasse
1133 1178 1164 1236 et
1187 1194 1278 1256 saepe

167 1283 213 1342 ita
235 1281 272 1342 iis
294 1302 383 1342 usum
406 1303 490 1360 esse,
520 1287 556 1344 ut
578 1281 787 1358 relationibus,
814 1299 874 1361 qua
902 1281 1041 1342 sensibus
1070 1279 1184 1362 percipi
1209 1299 1278 1361 pos·
1398 1312 1406 1338 ι

170 1389 255 1463 sent,
291 1405 380 1466 quam
411 1387 542 1448 maxime
574 1387 722 1448 niteretur
750 1385 861 1460 orati03
895 1386 976 1446 unde
1003 1385 1128 1446 fluxisse
1157 1383 1278 1445 videtur

168 1490 260 1551 etiem
279 1491 489 1553 nonnullarum
510 1491 649 1553 localium
670 1491 927 1573 praepositionum
947 1511 1021 1551 usus
1041 1489 1278 1554 instrumentalis

169 1596 206 1676 (ἕ.
223 1599 259 1672 6,
283 1599 330 1672 8),
352 1616 409 1656 neo
426 1597 526 1658 minus
546 1617 620 1658 usus
641 1596 871 1679 praepositionis
886 1591 921 1658 ἒν
939 1616 1008 1658 euro
1021 1594 1122 1657 verbis
1137 1587 1276 1676 μίγνυμι,

168 1690 327 1781 ζεύγνυμι,
354 1701 499 1763 similibus
522 1703 698 1783 conjunctae
721 1703 759 1782 (ξ.
782 1706 816 1778 6,
841 1703 881 1778 7).

683 2051 707 2130 g.
735 2055 761 2111 r.

462 2207 523 2289 De
553 2205 850 2312 adjectivorum
878 2233 966 2290 usu.

255 2427 407 2489 Nonnulla
436 2429 559 2508 praeter
587 2444 623 2487 ea
653 2444 731 2506 quae
758 2427 986 2488 commemoravi
1013 2427 1051 2486 de
1078 2426 1195 2487 neutris
1226 2426 1276 2486 ad·

130 2513 131 2518 ἵ
162 2532 345 2612 jectivorum
370 2552 425 2614 pro
449 2531 649 2593 substantivis
677 2531 785 2612 positis
812 2533 850 2612 (ς.
873 2537 907 2608 1,
930 2533 961 2610 5)
993 2534 1025 2593 et
1047 2531 1085 2591 de
1106 2530 1277 2592 accusativo

165 2637 375 2699 adverbiorum
396 2637 427 2698 in
447 2636 568 2698 modum
590 2640 718 2716 usurpat
765 2638 801 2717 (ξ.
822 2640 858 2714 4,
881 2638 914 2714 5)
942 2638 1061 2698 restant
1087 2635 1212 2696 dicenda
1240 2635 1277 2695 de

168 2761 228 2803 usu
250 2741 466 2822 adjectivorum
489 2742 570 2822 apud
591 2741 761 2803 Pindarum.

256 2843 449 2928 Oxymore
471 2848 543 2906 sunt
564 2845 599 2906 ol.
617 2849 645 2921 6,
668 2848 711 2907 43
732 2839 849 2928 ἐρατᾶς
869 2831 990 2916 ὠδῖνος.
1019 2845 1060 2904 46
1077 2831 1222 2927 ἀμεμφεῖ
1239 2835 1278 2926 ἰῷ

166 2948 330 3031 μελισσᾶν.
366 2971 397 3031 p.
417 2954 452 3027 2,
474 2953 517 3010 40
539 2944 636 3011 καλὸν
657 2951 761 3034 πῆμα.
788 2949 876 3028 frgm.
892 2950 950 3025 88,
972 2950 991 3009 5
1011 2947 1120 3033 ψυχρᾷ
1141 2939 1246 3032 φλογί.

254 3053 414 3135 Adjectiva
431 3072 449 3114 a
464 3053 632 3115 nominibus
648 3053 776 3135 propriis
792 3052 928 3113 derivata
943 3072 997 3134 pro
1014 3053 1155 3132 genetivo
1174 3070 1277 3113 eorum

141 3233 145 3239 ¹
165 3158 319 3220 nominum
340 3160 486 3239 usurpata
506 3160 592 3219 sunt:
617 3178 646 3238 p.
666 3160 702 3234 5,
726 3161 764 3217 21
784 3147 1006 3218 Ἀπολλώνιον
1029 3147 1170 3237 ἷίθορμα.
1204 3176 1232 3236 p.
1249 3161 1278 3230 2,

169 3266 211 3325 34
231 3257 434 3343 Δεινομένειε
449 3263 521 3325 παῖ.
543 3284 571 3343 p.
587 3267 622 3340 8,
645 3266 686 3322 19
709 3251 901 3342 Ξενάρκειον
918 3251 997 3322 υἱόν.
1022 3261 1059 3322 ol.
1076 3264 1109 3337 2,
1135 3264 1174 3321 13
1194 3251 1279 3342 Κρό-

166 3388 213 3429 νιε
232 3368 295 3429 παῖ
309 3363 401 3442 Ρέας.
435 3369 471 3429 ol.
490 3372 547 3442 11,
570 3371 610 3428 26
631 3359 849 3428 Ποσειδάνιον
865 3358 1020 3427 Κτέατον.
1048 3385 1076 3445 p.
1095 3368 1129 3442 6,
1154 3368 1194 3426 32
1216 3365 1277 3426 Νε-

167 3462 313 3555 στόρειον
336 3466 430 3556 ἅρμα.
467 3492 494 3552 p.
517 3478 574 3548 11,
597 3476 640 3532 20
662 3465 720 3532 σὺν
734 3460 973 3553 Ἀγαμεμνονίᾳ
996 3468 1094 3554 ψυχᾷ.
1135 3470 1153 3529 i.
1176 3473 1211 3544 3,
1237 3471 1277 3529 67

160 3563 370 3660 Ὠαριώνειαν
392 3567 497 3660 φύσιν.

254 3679 457 3760 Pervulgatus
473 3683 631 3763 praeterea
650 3681 699 3740 est
713 3676 898 3741 Graecorum
913 3677 1176 3758 Romanorumque
1194 3697 1279 3756 usus,

166 3803 381 3865 nonnunquam
402 3806 457 3866 per
472 3785 621 3866 adjectiva
642 3803 709 3846 oum
731 3783 927 3845 substantivis
951 3785 1109 3865 conjuncta
1128 3783 1186 3844 loci
1205 3787 1278 3845 tem-

165 3889 288 3973 porisve
310 3889 472 3951 relationes
492 3890 679 3965 describere,
701 3889 754 3950 ubi
774 3908 829 3950 nos
852 3887 1003 3949 adverbiis
1023 3888 1151 3963 utimum
1179 3908 1279 3950 exem·

166 3994 218 4074 pla
249 3996 321 4055 sunt
348 3993 520 4056 Pindarico:
566 4014 594 4075 p.
619 3998 656 4069 9,
688 3996 727 4053 62
766 3984 985 4073 ἐπιγουνίδιον
1016 3983 1279 4077 καταθηκάμεναι

166 4091 298 4182 βρέφος.
331 4119 359 4160 n.
383 4101 419 4176 4,
444 4103 483 4161 36
507 4092 628 4179 μέσσον
650 4100 711 4176 (σε)
734 4088 798 4174 iicet
821 4091 959 4171 ποντιὰς
982 4088 1078 4176 ἅλμα.
1118 4098 1155 4159 ol.
1178 4102 1213 4176 6,
1238 4099 1283 4160 56

167 4193 297 4285 Ἀλφεῶ
318 4195 428 4286 μέσσῳ
450 4198 600 4283 καταβάς.
617 4235 659 4246 —-
676 4195 711 4264 ἐν
725 4199 838 4280 μέσοις
859 4220 887 4280 p.
901 4203 937 4278 4,
958 4204 1029 4262 224.
1054 4205 1088 4278 9,
1113 4205 1183 4263 123.
1205 4221 1233 4262 n.
1250 4204 1278 4279 5,

168 4309 218 4366 23.
242 4305 261 4372 i.
284 4310 319 4383 7,
342 4311 391 4370 32.
413 4343 458 4353 -
486 4309 522 4370 ol.
546 4311 580 4384 6,
608 4308 648 4370 53
679 4305 868 4388 πεμπταῖον
891 4300 1107 4388 μεμεναμένον.
1150 4325 1178 4366 n.
1200 4308 1235 4383 4,
1259 4310 1276 4367 6
