3066 4928
327 1261 664 1349 oonsrnonns
686 1233 1113 1346 ‘nrsrumnrorue

1237 1828 1273 1859 1.

163 1885 301 1942 Praefatio
351 1921 1202 1936 ....................
1221 1829 1272 1938 Μ1

165 2025 190 2091 ς.
211 2023 236 2076 1.
272 2023 313 2074 De
331 2017 475 2088 generibus
492 2017 631 2072 nominum
660 2056 1201 2070 .............
1256 2019 1274 2071 3

164 2126 189 2193 ς.
208 2125 234 2177 2.
270 2123 312 2176 De
329 2135 499 2174 numerorum
522 2135 574 2172 usu
616 2159 1201 2172 ..............
1255 2120 1273 2174 4

164 2227 189 2294 ξ,
202 2227 246 2285 ,3.,
272 2224 313 2277 De
332 2220 492 2275 nominativi
509 2222 538 2274 et
555 2220 672 2274 vocativi
688 2237 740 2274 usu
794 2260 1203 2277 ...........
1256 2223 1274 2274 8

163 2329 189 2395 ς.
209 2325 234 2380 4.
269 2313 315 2377 De'
329 2321 476 2377 uoousotivi
493 2337 544 2374 usu
570 2361 1202 2375 ...............
1256 2323 1274 2376 9

163 2430 188 2497 ξ.
208 2429 233 2484 5.
269 2429 311 2480 De
335 2423 454 2493 genetivi
477 2439 529 2478 usu
572 2463 1070 2477 ............
1070 2505 1075 2514 Ι
1108 2465 1113 2477 .
1152 2464 1158 2476 .
1196 2465 1202 2478 .
1240 2426 1273 2480 16

163 2533 189 2599 g.
208 2533 233 2586 6.
269 2532 311 2583 De
329 2543 380 2581 usu
398 2525 496 2580 dativi:

340 2612 443 2682 proprii
488 2651 759 2664 .......
766 2663 771 2669 ,
798 2651 1203 2665 ..........
1239 2612 1273 2665 27

337 2697 551 2752 instrumentalis
572 2735 1203 2751 ...............
1239 2697 1274 2751 34

336 2783 430 2838 localis
448 2785 476 2837 et
492 2782 648 2851 temporalis
663 2823 1160 2838 ............
1171 2822 1173 2826 ⁴
1197 2823 1203 2834 .
1238 2785 1274 2838 38

265 2887 307 2940 De
325 2885 431 2940 suffixis
447 2884 607 2954 quibusdam
624 2885 763 2940 nominum
795 2925 1202 2940 ..........
1239 2886 1274 2942 40

266 2990 308 3042 De
325 2987 568 3057 praepositionibus
613 3028 1202 3044 ..............
1238 2990 1273 3046 41

162 3107 187 3173 g.
208 3108 232 3164 7.
267 3108 308 3161 De
327 3105 520 3175 adjectivorum
539 3123 588 3162 usu
617 3147 1203 3162 ..............
1238 3111 1273 3165 41

163 3226 188 3294 ἕ.
205 3226 230 3280 8.
266 3227 307 3280 De
324 3242 375 3279 usu
392 3225 580 3294 pronominum
617 3267 1203 3281 ..............
1238 3229 1274 3284 43

337 3327 444 3382 articuli
481 3368 756 3383 .......
767 3405 770 3413 ι
795 3369 1202 3384 ..........
1215 3390 1219 3396 .
1239 3333 1274 3388 44

163 3448 187 3516 §-
205 3448 231 3501 9.
266 3448 308 3501 De
326 3445 470 3514 generibus
491 3445 646 3501 verborum:

337 3546 370 3601 de
389 3547 477 3602 activo
533 3587 1202 3604 ................
1239 3553 1273 3606 51

335 3631 368 3686 de
385 3633 472 3687 medio
525 3673 1202 3688 ................
1239 3638 1274 3693 53

339 3718 374 3772 de
390 3719 498 3787 passivo
535 3759 1200 3775 ................
1237 3723 1272 3778 53

162 3835 186 3902 θ.
210 3837 252 3892 10.
288 3837 328 3890 De
347 3839 499 3906 temporum
517 3853 582 3893 unu:

336 3937 369 3992 de
388 3939 528 4007 praesenti
576 3979 1203 3994 ...............
1238 3943 1273 3997 54

334 4022 367 4077 de
386 4023 543 4093 imperfecto
579 4063 1202 4080 ...............
1238 4028 1273 4084 56

335 4108 369 4163 do
386 4109 505 4177 perfeeto
524 4112 552 4164 et
568 4109 830 4179 plusquamperfecto
885 4149 1202 4164 ........
1237 4112 1272 4166 57

333 4192 365 4247 de
383 4195 482 4248 eoristo
525 4235 531 4248 .
569 4235 575 4249 .
615 4236 620 4248 .
658 4235 665 4248 .
702 4236 708 4254 ,
746 4234 1201 4249 ...........
1237 4197 1272 4250 58

334 4277 476 4335 defuturo
524 4319 1199 4335 ................
1234 4282 1269 4336 59
