3066 4928
1238 269 1278 328 85

257 462 414 523 Interdum
449 461 540 523 etiam
569 461 667 540 magis
696 459 856 522 artificiose
883 459 927 520 ita
957 478 1072 520 conexu
1094 461 1125 520 et
1147 461 1282 520 coartata

164 567 315 627 videntur
337 567 448 640 verba,
477 569 512 625 ut
541 564 772 625 alternatim
801 564 881 624 inter
910 582 943 622 sc
969 564 1197 642 conjungendae
1220 563 1281 624 sint

167 670 340 730 sententiae
362 673 480 751 partes:
501 669 537 730 ol.
552 674 580 744 7,
602 672 643 729 70
663 657 768 744 ὀξειᾶν
791 659 809 728 ὁ
829 661 997 748 γενέθλιος
1011 655 1151 728 ἀκτίνων
1164 658 1280 750 πατήρ.

164 773 186 833 i.
205 779 233 852 3,
257 775 298 833 60
322 763 487 855 ἐργμάτων
510 763 600 846 άκτίς
621 767 726 831 καλῶν
748 762 909 850 δίσβεστος
930 762 1004 830 αἰεί.
1047 769 1066 829 i.
1083 774 1112 848 3,
1129 774 1168 830 61
1193 763 1281 850 δίεμαι

167 871 296 959 πυρσὸν
325 871 428 955 ίίμνων
450 870 505 937 καὶ
526 869 686 958 Μελίσσῳ
710 865 913 956 παγκρατίου
939 864 1119 957 στεφάνωμ’
1144 868 1280 950 ἐπάξιον

166 975 257 1063 ἔρνεϊ
281 970 468 1042 Τελεσιάδα.
491 979 526 1040 cf.
550 998 577 1059 p.
594 983 624 1054 9,
648 982 741 1038 1.17.
772 997 800 1037 n.
816 981 846 1053 4,
860 979 916 1052 44,
937 1012 982 1021 —
1004 977 1084 1057 quod
1105 979 1205 1038 tamen
1227 978 1281 1038 vix

168 1083 299 1164 amphus
321 1083 565 1163 persequendum
588 1082 725 1156 videtur,
747 1100 786 1140 ne
808 1081 883 1141 adeo
906 1081 1021 1142 severis
1037 1080 1191 1161 firmisque
1206 1081 1280 1160 legl-

169 1189 227 1249 bus
248 1187 387 1248 cohibere
409 1187 566 1247 videamur
587 1188 696 1266 poetae
720 1203 897 1244 sermonem.

257 1307 487 1368 Memorandum
505 1307 627 1367 videtur
647 1310 807 1386 praeterea
828 1306 846 1365 i.
863 1307 892 1381 5,
916 1309 955 1364 17
983 1300 1142 1367 Κλωθὼ
1164 1321 1279 1367 κασι-

169 1403 320 1497 γνήτας
355 1431 390 1472 τε
419 1404 628 1493 προςεννὲπω
664 1401 832 1471 ἑσπέσθαι
870 1407 1001 1483 κλυταῖς
1034 1399 1151 1492 άνδρδς
1182 1402 1280 1493 φίλου

168 1508 321 1599 μοίρας
343 1510 511 1597 ἐφετμαῖς,
539 1514 590 1574 ubi
612 1513 743 1594 simplex
762 1513 923 1574 verborum
945 1513 1100 1574 collocatio
1120 1513 1279 1575 interrum-

169 1622 251 1702 pitur
271 1619 408 1698 graviter
429 1637 503 1678 voce
524 1609 658 1701 μοίρας,
684 1617 723 1677 ad
752 1617 869 1677 initium
892 1617 1105 1678 enuntiationis
1128 1618 1279 1699 pertinen-

168 1725 222 1798 tis;
255 1729 286 1784 et
314 1740 439 1803 prorsus
468 1720 564 1782 simile
593 1724 642 1781 est
669 1721 687 1780 i.
713 1724 748 1796 6,
772 1725 814 1781 46
845 1714 1058 1782 δεσπόταν
1081 1714 1223 1783 ἐθέλοντ’
1246 1717 1280 1796 ἐς

169 1816 302 1911 οὐρανοῦ
324 1819 494 1904 σταθμοὺς
515 1819 644 1886 ἐλθεῖν·
666 1822 744 1903 μεθ’
765 1817 921 1906 ὁμάγυριν
936 1815 1278 1908 Βελλεροφόνταν

168 1922 260 2006 Διός.
305 1929 393 2000 Quae
419 1931 518 1989 tamen
542 1927 615 1989 talia
639 1931 725 2005 sunt,
749 1948 827 2007 quae
841 1929 908 2009 ipsa
923 1929 1069 2009 cujusque
1084 1929 1164 1990 docti
1185 1930 1277 1991 lecto·

169 2037 211 2095 ris
233 2037 334 2095 mente
355 2033 465 2112 optime
493 2033 677 2108 sentiantur,
704 2051 802 2113 neque
829 2053 903 2094 vero
933 2037 1016 2094 certa
1044 2033 1160 2094 ratione
1188 2037 1278 2114 atque

169 2138 327 2219 disciplina
349 2137 495 2216 distingui
515 2136 640 2217 possint.

255 2259 408 2320 Nonnulla
427 2260 586 2340 praeterea
614 2256 717 2317 notavi
749 2257 870 2336 singula
892 2257 940 2336 (ci
962 2257 1053 2318 etiam
1074 2255 1278 2321 Godolrcdum

170 2383 239 2444 pag.
263 2362 333 2438 27):

256 2483 285 2560 a)
310 2479 543 2561 conjunctiones
563 2481 765 2561 postpositas:

256 2586 294 2650 ol.
314 2589 343 2662 2,
364 2587 404 2644 28
434 2579 468 2645 ἐν
497 2578 567 2645 καί
599 2576 764 2669 θαλάσσᾳ.
809 2586 846 2646 ol.
874 2590 901 2662 7,
926 2590 966 2647 26
994 2578 1029 2648 ἐν
1059 2581 1113 2648 καί
1137 2585 1278 2671 τελευτᾷ.

170 2690 237 2766 (εεδ
260 2709 288 2769 p.
313 2694 347 2765 1,
372 2690 412 2750 35
438 2689 551 2749 rectius
583 2688 705 2749 videtur
735 2690 815 2769 quod
843 2689 964 2769 scripsit
985 2689 1192 2749 Mommsenus
1221 2684 1278 2750 καί

167 2790 321 2876 τελευτᾷ.)
358 2811 387 2870 p.
411 2795 467 2866 10,
482 2793 528 2852 '58
559 2785 594 2852 ἐν
615 2787 673 2852 καὶ
695 2786 914 2876 παλαιτέροις.
958 2793 976 2853 i.
1001 2797 1033 2869 6,
1058 2795 1099 2854 30
1131 2781 1199 2853 άπδ
1221 2787 1278 2854 καί

168 2890 288 2960 θανών,
331 2915 358 2975 p.
385 2898 477 2972 4,10
501 2886 626 2978 ἑβδόμᾳ
655 2890 711 2957 καὶ
741 2891 798 2956 cdv
830 2889 952 2978 δεκάτᾳ
974 2896 1075 2979 γενεᾷ.
1120 2894 1157 2956 ol.
1181 2900 1215 2970 6,
1236 2898 1276 2957 25

168 2992 288 3078 ἵκωμαί
309 3019 345 3060 τε
364 2993 449 3082 πρὸς
471 2985 595 3081 ἀνδρῶν
621 2992 677 3059 καὶ
701 2991 812 3078 yo'aog,¹
834 3000 870 3059 ol.
887 3003 916 3076 8,
941 3003 981 3061 33
1004 2988 1042 3081 ἦν
1065 2992 1132 3060 ὅτι
1154 3034 1197 3052 .-
1220 3019 1277 3060 πε-

170 3097 346 3185 πρωμένον.
393 3122 421 3183 p.
446 3106 480 3178 2,
501 3106 540 3162 31
565 3094 648 3185 ἥρως
675 3093 728 3163 ὅτι
743 3136 782 3145 -
808 3096 951 3180 ἐπέμιξε.
996 3103 1015 3162 i.
1038 3106 1067 3178 3,
1087 3104 1128 3162 42
1153 3096 1275 3183 λάμπει

164 3196 346 3288 Ἓωςφόρος
368 3201 494 3290 θαητὸς
516 3198 560 3280 ὡς
583 3196 714 3288 άστροῖς
734 3199 766 3266 ἐν
787 3197 916 3284 άλλοις,·
945 3197 984 3266 οίί
1006 3226 1074 3267 cum
1097 3207 1226 3286 quadam
1246 3207 1278 3267 vi

167 3309 198 3368 in
220 3308 279 3369 fine
303 3310 471 3371 sententiae
491 3308 624 3390 positum
647 3309 683 3368 ol.
705 3313 732 3386 7,
750 3312 808 3385 48;
833 3302 877 3393 μή
900 3310 1102 3392 postpositum
1125 3330 1153 3372 n.
1170 3315 1206 3387 8,
1224 3315 1276 3386 37,

172 3413 189 3472 'n
214 3415 242 3488 6,
263 3417 281 3474 3
304 3405 417 3492 ἁνίκα,·
441 3413 476 3474 ol.
503 3415 530 3489 9,
557 3415 596 3472 98
621 3401 738 3487 ὁπότε,

254 3534 286 3610 b)
309 3535 469 3595 relativum
490 3551 655 3614 pronomen
676 3533 893 3614 postpositum:

255 3655 291 3715 cl.
315 3658 344 3729 9,
369 3658 431 3714 120
455 3655 544 3731 (112)
568 3642 734 3714 Αίάντεον
755 3651 783 3713 τ’
805 3646 840 3713 ἐν
864 3645 956 3714 δαίθ’
978 3643 1023 3727 ὃς
1041 3641 1161 3716 Ἰλιάδα
1180 3657 1276 3719 νικῶν

168 3750 415 3840 ἐπεστεφάνωσε
436 3752 547 3837 βωμόν
569 3756 732 3836 (Boeckh.).
753 3757 789 3817 ol.
812 3760 841 3833 2,
865 3761 906 3819 23
929 3749 1060 3818 ἔπαθον
1084 3749 1130 3820 αἳ
1147 3753 1276 3841 μεγάλα.

168 3861 241 3940 (Sed
263 3881 292 3941 p.
315 3866 345 3938 3,
368 3864 407 3922 89
430 3857 465 3921 οἳ
484 3861 721 3922 demonstrativo
744 3880 836 3921 sensu
859 3861 993 3941 accipere
1016 3862 1138 3941 malim.)

255 3965 358 4026 Verbo
385 3964 537 4042 aliquanto
568 3965 770 4046 antepositum
802 3966 851 4024 est
880 3983 1044 4044 pronomen
1065 3987 1094 4046 p.
1110 3971 1188 4041 3,8
1220 3963 1275 4029 τὸν

166 4062 225 4147 μὲν
240 4103 283 4112 -
309 4061 435 4149 Φλεγύα
453 4061 597 4152 θυγάτηρ
618 4063 695 4150 πρὶν
716 4061 865 4130 τελέσσαι
884 4103 925 4113 -
951 4062 1082 4149 κατέβα.

255 4187 345 4250 Certe
368 4187 562 4249 collocatione
582 4190 743 4250 verborum
770 4189 922 4250 interdum
947 4188 1070 4249 liberius
1100 4209 1189 4269 quam
1212 4191 1273 4254 Ho-

167 4311 270 4354 merus
293 4295 384 4372 atque
408 4290 459 4352 alii
480 4311 598 4372 quoque
619 4295 727 4373 poetae
751 4293 795 4355 uti
816 4293 937 4355 videtur
959 4291 1115 4354 Pindarus.
1137 4330 1181 4339 —
