3066 4928
246 231 265 287 6

333 417 363 475 4.
400 413 476 476 Oum
499 413 668 474 nominibus
696 415 861 478 collectivis
890 416 1094 496 singularibus
1116 419 1201 480 verbi
1230 419 1360 500 pluralis

245 538 389 582 numerus
419 519 595 597 conjunctus
622 521 670 579 est
698 520 851 582 interdum
878 523 959 602 apud
979 522 1159 599 Pindarum,
1193 543 1359 585 accommo-

246 625 318 685 data
339 623 378 683 ad
401 641 525 683 sensum
545 623 735 703 potissimum
758 627 918 687 verborum
945 629 1114 689 structura:
1145 649 1172 708 p.
1192 633 1227 704 2,
1250 630 1291 688 46
1321 623 1360 689 εἰι

246 725 275 789 d'
300 721 442 808 ἐγένοντο
465 721 601 810 στρατὸς
625 724 832 808 θαυμαστὸς,
857 718 1055 815 ἀμφοτέροις
1074 724 1182 811 ὁμοῖοι
1202 731 1359 794 τοκεῦσιν,

246 854 275 894 n.
299 837 332 910 6,
357 836 397 894 32
421 823 633 915 παλαίφατος
655 824 761 912 γενεά·
785 825 855 895 lilia
876 829 1120 910 ναυστολέοντες
1140 827 1313 915 ἐπικώμια,

333 935 543 997 Praedicatum
566 935 728 1015 singularis
748 938 866 998 numeri
889 938 927 1000 ad
950 940 1118 1019 subjectum
1137 940 1254 1021 plurale
1283 940 1360 1000 refe-

246 1042 373 1103 rendum
401 1044 450 1100 est
479 1041 514 1102 ol.
538 1045 574 1116 2,
599 1045 640 1101 10
670 1034 819 1116 Σικελίας
846 1034 923 1104 ἔσαν
944 1033 1135 1126 όφθαλμόςς
1164 1045 1250 1124 cnjus
1276 1045 1361 1104 stru-

247 1149 351 1208 cturae
372 1145 537 1206 secundum
552 1143 732 1206 Mommseni
750 1147 929 1228 scripturam
951 1148 1010 1208 duo
1032 1150 1191 1229 praeterea
1213 1146 1362 1209 accedunt

247 1250 401 1330 exempla:
434 1271 463 1331 p.
483 1255 517 1325 8,
541 1253 581 1310 95
612 1250 708 1325 σκιᾶς
730 1243 805 1333 ὄναρ
835 1243 1010 1336 ι’ίνθριοποι
1039 1243 1361 1340 (Βοεολιλιείίνθρω-

246 1356 339 1434 πος);
369 1357 402 1415 et
424 1355 461 1416 ol.
485 1359 541 1434 10,
565 1357 584 1416 5
613 1346 694 1439 ἀρχά
725 1356 895 1436 appositum
921 1358 958 1418 ad
987 1376 1097 1418 nomen
1125 1356 1242 1437 plurale
1269 1349 1362 1435 ὕμνοι

247 1460 295 1539 (Β.
318 1451 434 1541 ἀρχαί).

333 1561 360 1622 Ε
391 1563 540 1624 contrario
575 1563 692 1643 plurale
722 1563 928 1643 praedicatum
961 1582 1028 1624 oum
1062 1561 1181 1622 nomine
1213 1561 1361 1641 singulari

247 1668 440 1748 conjunctum
468 1669 516 1726 est
542 1687 570 1746 p.
590 1669 626 1741 4,
653 1670 692 1728 21
724 1665 819 1747 ydiota
848 1657 972 1727 δίδοντι
1003 1655 1118 1741 ξείνια,
1150 1666 1185 1725 ut
1207 1664 1360 1725 interdum

246 1772 328 1853 apud
349 1769 424 1831 alios
447 1771 553 1850 poetes
576 1766 677 1850 δῶρα,
702 1760 793 1850 ἔργα,
818 1768 934 1828 similia.

334 1875 361 1934 5.
398 1871 517 1934 Neutra
539 1871 755 1952 adjectivorum
779 1889 870 1951 saepe
898 1869 1008 1951 plurali
1030 1889 1155 1931 numero
1178 1870 1243 1930 sine
1265 1873 1357 1931 verbo

221 2036 224 2047 ,
247 1975 437 2038 substantivo
462 1967 552 2038 ἐστίν
578 1975 621 2036 ita
643 1973 743 2054 posita
766 1976 851 2050 sunt,
882 1974 917 2033 ut
939 1975 1082 2052 sequatur
1101 1971 1268 2033 infinitivus
1290 1975 1359 2033 sub-

243 2080 317 2161 jecti
339 2079 422 2139 vices
442 2080 550 2138 tenens
579 2077 659 2155 (ride
682 2077 810 2138 aliorum
832 2075 971 2156 exempla
993 2075 1073 2155 apud
1093 2073 1286 2153 Kruegerum
1308 2079 1360 2151 44,

246 2186 283 2258 4,
307 2183 355 2259 2):
382 2201 410 2241 n.
434 2184 469 2256 8,
492 2183 511 2240 4
533 2172 742 2262 dycncad-
757 2171 953 2260 ἐπικρατεῖν.
988 2200 1017 2260 p.
1038 2182 1073 2253 2,
1097 2182 1135 2238 81
1163 2165 1301 2240 ἀδύνατα
1317 2215 1358 2223 —-

247 2281 404 2366 ἐκβαλεῖν.
435 2285 470 2345 ol.
489 2289 526 2360 1,
547 2285 596 2345 52.
627 2303 655 2344 n.
672 2285 707 2359 4,
732 2287 769 2343 71
795 2275 916 2364 ίίπορα.
946 2301 976 2362 p.
995 2287 1030 2356 1,
1053 2283 1094 2342 34
1114 2272 1251 2344 ἐοικότα.
1280 2302 1309 2362 p.
1329 2285 1358 2359 4,

248 2393 310 2451 247
332 2384 440 2471 μακρά
461 2409 533 2468 μοι,
560 2388 701 2450 νεῖσθαι.
723 2423 767 2432 -
788 2387 837 2448 Ita
860 2387 950 2448 etiam
972 2386 1003 2446 in
1024 2385 1262 2464 interrogatione
1281 2407 1310 2466 p.
1330 2391 1359 2464 9,

248 2497 288 2556 36
312 2486 390 2556 ὅσια
411 2525 454 2535 -
477 2491 716 2575 προςενεγκεῖν;

335 2594 453 2665 Quibus
490 2595 568 2656 addo
605 2594 713 2655 similia
749 2592 889 2674 exempla
917 2611 945 2672 p.
974 2596 1009 2666 2,
1044 2595 1083 2652 21
1118 2579 1231 2668 Ἰξίονα
1263 2586 1359 2676 φαντὶ

245 2699 374 2762 ταῦτα
405 2694 522 2781 λέγειν·
551 2694 607 2760 τὸν
635 2692 799 2781 εὐεργέταν
820 2731 858 2740 -
881 2687 1041 2756 τίνεσθαι.
1082 2717 1110 2776 p.
1133 2700 1167 2770 3,
1193 2699 1235 2756 20
1261 2687 1359 2780 ἤρατο

247 2805 309 2868 τῶν
341 2792 526 2868 ἀπεόντων·
558 2789 625 2865 οἷα
650 2797 705 2864 καὶ
735 2795 854 2864 πολλοὶ
884 2791 1017 2876 πάθον,
1048 2800 1099 2860 ubi
1119 2799 1294 2879 pronomina
1322 2800 1360 2860 ad

247 2929 338 2970 unam
362 2909 544 2972 sententiam
565 2908 725 2968 referenda
745 2907 894 2967 videntur.
932 2903 1022 2980 (dum
1045 2904 1149 2965 ultimo
1171 2907 1236 2965 loco
1259 2905 1360 2966 confer

247 3012 387 3093 exempla
410 3030 487 3090 quae
507 3010 613 3088 collegi
638 3011 662 3090 ξ.
683 3015 716 3085 1,
741 3013 783 3087 4.)

335 3115 474 3194 Cognata
502 3113 623 3175 videtur
650 3133 718 3174 cum
743 3115 799 3174 hoc
829 3133 888 3174 usu
916 3111 1072 3173 notissima
1102 3112 1154 3172 illa
1175 3111 1359 3175 Graecorum

246 3218 447 3296 consuetudo,
470 3236 488 3276 e
508 3236 568 3296 qua
589 3237 656 3278 oum
675 3221 783 3278 neutro
799 3216 910 3297 plurali
927 3217 1013 3276 verbi
1035 3216 1198 3294 singularis
1216 3235 1359 3276 numerus

247 3319 455 3400 conjungitur;
485 3339 574 3399 quam
599 3338 812 3399 nonnunquam
839 3319 988 3379 Pindarus
1014 3319 1166 3397 neglexit:
1202 3339 1231 3398 p,
1256 3325 1291 3394 1,
1319 3322 1357 3378 13

246 3415 329 3484 ὅσσα
354 3417 398 3506 μὴ
422 3414 579 3505 πεφίληκε
600 3416 697 3499 Ζεὺς,
728 3410 898 3498 ἀτύζονται
922 3457 962 3466 -
986 3413 1111 3499 ἀίοντα,
1141 3422 1192 3483 ubi
1213 3439 1359 3503 personae

246 3527 353 3587 neutro
376 3524 592 3604 significantur.
629 3526 647 3586 i.
670 3531 702 3604 7,
727 3530 768 3586 47
798 3520 911 3608 νεαρὰν
934 3518 1058 3602 ἔδειξαν
1081 3526 1191 3611 σοφῶν
1214 3517 1359 3606 στόματα

247 3663 289 3672 -
308 3621 438 3712 ἀρετάν,
460 3629 512 3688 ubi
538 3626 648 3712 σοφῶν
672 3619 817 3708 στόματα
840 3629 953 3690 dictum
969 3631 1017 3690 est
1032 3629 1120 3689 simili
1142 3629 1359 3710 significatione

247 3752 282 3794 ac
309 3724 417 3816 σοφοί.
462 3732 480 3793 i.
503 3736 538 3810 4,
565 3737 605 3793 10
633 3723 691 3795 δύο
714 3727 751 3794 δέ
771 3754 822 3794 τοι
852 3730 933 3810 ζωᾶς
966 3725 1071 3794 δίτονον
1097 3736 1199 3814 μοῦνα
1226 3725 1359 3812 ποιμαί-

248 3856 332 3899 νοντι
347 3871 406 3914 -,
430 3827 465 3898 εἴ
480 3856 531 3911 τις
553 3826 589 3898 εὖ
612 3828 745 3914 πάσχων
767 3829 863 3919 λόγον
887 3831 981 3900 ε’σλὸν
1000 3826 1116 3923 ἀκούῃ,
1140 3840 1192 3901 ubi
1211 3857 1260 3897 res
1281 3838 1360 3898 inter

248 3960 281 4000 se
296 3939 434 4000 diversae
450 3938 685 4018 distinguuntur.
709 3939 842 4002 Restant
856 3945 919 4001 tres
934 3939 1007 4002 loci:
1032 3942 1070 4004 ol.
1081 3946 1109 4020 2,
1127 3947 1175 4004 83.
1192 3942 1229 4003 ol.
1243 3945 1293 4018 11,
1310 3943 1358 4002 85.

246 4063 274 4124 p.
294 4047 329 4122 4,
353 4047 431 4120 121,
452 4043 503 4103 ubi
526 4043 592 4122 ejus
615 4045 785 4104 structurae
809 4043 957 4105 rationem
981 4043 1087 4106 afferre
1110 4066 1171 4107 non
1188 4065 1319 4126 possum.

335 4151 361 4208 6.
398 4146 467 4209 Jam
489 4147 627 4208 venimus
650 4147 688 4209 ad
711 4168 801 4208 usum
821 4148 905 4209 illum
926 4149 1093 4229 antiquitus
1116 4169 1134 4210 a
1157 4149 1358 4230 grammaticis

245 4250 375 4314 Pindaro
406 4252 567 4329 tributum,
601 4273 619 4313 e
648 4272 706 4334 quo
730 4254 850 4316 nomina
880 4254 981 4328 etiam¹
998 4257 1156 4318 masculini
1187 4255 1358 4317 semininive
