3066 4928
1209 287 1249 345 13

134 482 171 541 in
194 479 347 542 {cuonone
367 475 485 558 quedem
503 476 652 551 monime,
681 474 736 535 sed
757 464 949 557 ὑπερώτατα
976 475 1157 555 adjectivum
1182 494 1250 536 esse
1356 458 1359 463 ¹

135 586 230 663 puto,
263 581 507 663 conjungendum
529 599 596 641 cum
621 578 739 639 verbis:
771 572 813 638 τὰ
842 569 928 660 άμφὶ
952 570 1081 652 πόνοιςε
1115 599 1190 660 quae
1212 580 1256 650 ud,

135 688 257 750 labores
277 689 329 765 (so.
351 686 494 764 ludicros)
511 687 676 767 pertinent,
696 702 814 744 summa
835 682 924 759 aunt.)

228 790 345 852 Eodem
373 790 462 851 modo
484 789 615 868 positum
636 789 710 868 puto
738 786 829 848 etiam
856 788 1034 846 neutrum
1063 787 1252 866 adjectivi

137 915 210 956 oum
232 894 358 956 articulo
383 894 574 972 conjunctum
594 913 622 972 p.
647 894 701 966 10,
725 894 765 950 12
793 884 889 951 τὸδὲ
912 884 1053 971 συγγενές
1075 885 1253 972 ἐμβέβακεν

136 992 227 1076 ἴχνια
248 989 375 1079 πατρός
393 1022 436 1049 =
458 996 535 1078 quod
565 996 604 1058 σά
629 997 782 1077 inpenicm
812 997 932 1069 attinet,
963 997 1099 1076 sequitur
1126 999 1252 1076 uectipiu

38 1087 50 1095 ³
130 1106 251 1187 potuim
274 1120 366 1181 quare
389 1120 447 1164 non
469 1101 673 1162 necessarium
695 1101 744 1159 est
766 1099 901 1177 cogitare
924 1098 961 1158 de
980 1099 1137 1161 transitiva
1160 1101 1252 1178 signi-

136 1207 277 1270 ficatione
301 1205 426 1287 perfecti
448 1198 643 1285 ἒμβέβακεν,
671 1205 750 1283 quod
771 1203 842 1263 fecit
864 1201 1043 1264 Boeokbius.

228 1315 257 1373 4.
292 1305 409 1389 Aeque
428 1328 463 1369 ao
490 1312 568 1370 actio
597 1311 664 1390 ipsa
685 1308 772 1368 verbi
795 1307 881 1388 quasi
904 1307 1053 1386 objectum
1080 1309 1251 1370 accusativo

138 1434 214 1478 casu
235 1435 303 1476 oum
331 1434 366 1475 eo
395 1413 603 1493 conjungitur,
638 1411 917 1493 appositiones
947 1431 1080 1492 quoque,
1114 1431 1193 1493 quae
1214 1414 1252 1473 ad

136 1520 222 1582 illam
247 1520 395 1581 actionem
427 1517 595 1597 pertinent,
627 1517 734 1577 eodem
763 1535 836 1576 casu
870 1515 925 1576 toti
957 1516 1125 1577 sententiae
1162 1518 1252 1578 inter-

138 1625 212 1684 dum
233 1625 324 1685 etiam
348 1642 366 1684 a
385 1621 514 1684 Pindaro
538 1620 705 1711 adduntur,
735 1621 815 1701 quod
839 1639 1052 1701 nonnunquam
1072 1622 1184 1683 factum
1206 1624 1254 1682 est

138 1729 220 1808 apud
243 1729 317 1790 alios
338 1728 461 1808 poetas,
491 1744 582 1807 saepe
604 1726 684 1807 apud
704 1723 887 1804 Euripidem.
932 1724 982 1785 Ita
1003 1726 1083 1786 haud
1105 1745 1174 1786 raro
1201 1745 1253 1806 po-

139 1833 232 1894 situm
254 1835 303 1893 est
324 1823 498 1892 άποιναι
528 1831 563 1891 ol.
586 1834 619 1908 7,
646 1834 686 1891 16
707 1821 824 1890 αἰνέσω
845 1821 946 1912 άνδρα
968 1828 1099 1909 πυγμᾶς
1122 1820 1254 1892 άποινα.

138 1957 168 2018 p.
191 1941 226 2012 2,
251 1938 300 1996 14.
326 1935 344 1995 i.
365 1939 399 2010 3,
424 1937 450 1995 7.
478 1934 498 1995 i.
522 1936 556 2008 7,
578 1937 607 1994 4.

228 2038 372 2099 Similiter
399 2038 418 2097 i.
439 2041 476 2111 3,
504 2040 542 2096 61
574 2037 680 2098 κεῖνον
708 2029 796 2120 ἅψαι
822 2031 947 2121 πυρσὸν
972 2029 1079 2116 ὕμνων
1100 2071 1143 2080 -
1172 2056 1254 2119 παχ·

139 2135 273 2226 κρατίοο
301 2126 526 2224 στεφάνωμ’
556 2130 692 2214 ἐπάξιον
722 2160 831 2201 nomen
858 2131 1055 2224 στεφάνωμα
1085 2141 1255 2222 appositum

140 2248 214 2328 puto
244 2264 305 2305 non
334 2245 373 2304 ad
401 2236 541 2325 πυρσόν,
576 2243 658 2321 quod
686 2263 793 2325 parum
822 2247 925 2325 aptum
955 2245 1092 2321 videtur,
1130 2246 1185 2306 sed
1216 2246 1255 2307 ad

141 2353 235 2412 totam
259 2347 448 2409 sententiam.

226 2450 455 2512 Memoraudum
471 2451 519 2509 est
534 2447 663 2527 denique
681 2439 814 2532 χάριν,
839 2470 916 2530 quae
933 2471 994 2513 vox
1016 2453 1166 2514 nonnullis
1181 2453 1254 2514 loeis

140 2556 292 2635 integram
314 2551 496 2614 substantivi
520 2551 673 2612 notionem
696 2554 846 2630 servavit,
874 2558 909 2615 ut
929 2555 966 2617 ol.
989 2560 1047 2631 11,
1072 2559 1110 2616 78
1133 2551 1254 2618 ἐπωνο-

140 2651 219 2738 μίαν
238 2648 330 2740 χάριν
351 2649 442 2729 νίκας
464 2643 623 2739 ἀγερώχου
646 2651 909 2740 κελαδησόμεθα,
933 2657 985 2718 ubi
1006 2657 1098 2718 etiam
1119 2679 1187 2721 oum
1203 2661 1254 2721 ad-

137 2763 250 2842 jectivo
271 2761 430 2840 conjuncta
451 2761 513 2834 est,
535 2763 567 2819 et
586 2780 615 2838 p.
635 2763 687 2834 11,
713 2763 753 2819 10
771 2753 857 2844 άφρα
881 2755 983 2841 Θέμιν
1006 2754 1197 2847 κελαδήσετε
1212 2798 1254 2809 -

146 2856 270 2948 Θήβαις
286 2884 405 2946 χαριν
425 2855 525 2943 άχῶνι
546 2881 582 2922 τε
603 2854 733 2944 Κίῤῥας.
766 2882 794 2923 n.
815 2867 850 2938 7,
877 2868 916 2925 75
937 2859 1069 2928 νικῶντί
1090 2885 1126 2947 χε
1145 2857 1254 2954 χάριν;

142 2967 207 3029 aliis
230 2986 304 3027 vero
325 2965 398 3027 locis
416 2966 480 3044 jam
499 2964 730 3045 praepositionis
751 2966 815 3027 fere
836 2967 867 3026 in
888 2969 1009 3030 modum
1027 2969 1059 3030 id
1075 2971 1255 3032 vocabulum

143 3072 321 3151 usurpatum
341 3068 497 3144 videmus,
518 3070 553 3128 ut
574 3087 601 3147 p.
622 3073 657 3143 3,
683 3071 720 3129 95
743 3064 826 3144 Διὸς
844 3062 946 3154 χάριν.
983 3093 1011 3154 p.
1034 3079 1067 3150 1,
1093 3078 1131 3135 76
1152 3075 1254 3136 Ana-

142 3167 238 3236 ναίων
259 3163 368 3256 χάριν;
392 3172 443 3250 qui
465 3191 555 3248 usus,
580 3172 617 3232 ab
638 3170 806 3233 Homericis
827 3175 1006 3236 carminibus
1028 3178 1161 3255 alienus,
1187 3200 1255 3259 per-

143 3278 286 3358 vulgatus
308 3279 356 3336 est
375 3277 482 3355 postea
503 3275 535 3334 in
557 3273 658 3337 Attico
681 3295 826 3338 sermone.

229 3384 255 3441 5.
285 3379 436 3442 Neutrum
451 3399 550 3458 genus
571 3379 787 3460 adjectivorum
810 3381 987 3464 saepissime
1006 3383 1169 3446 aPindaro
1187 3406 1256 3448 cum

144 3484 244 3546 verbis
267 3484 475 3565 conjungitur,
499 3489 531 3544 et
551 3483 594 3545 ita
614 3485 748 3564 quidem,
772 3489 807 3547 ut
821 3487 910 3549 modo
932 3490 1124 3550 servaverint
1147 3509 1183 3549 ea
1204 3491 1256 3550 ad-

142 3588 252 3667 jective
274 3587 426 3648 notionem
450 3587 573 3666 objecti,
604 3589 692 3649 modo
715 3591 804 3670 plane
825 3591 857 3651 in
880 3592 1087 3654 adverbiorum
1109 3593 1256 3654 rationem

146 3692 287 3768 abierint,
308 3711 386 3771 quae
406 3691 535 3753 sortasse
558 3711 617 3752 uon
636 3692 741 3753 inutile
765 3695 822 3754 erit
843 3701 1028 3757 enumerare.

230 3817 258 3875 p.
279 3798 314 3872 2,
338 3799 380 3855 20
400 3781 543 3875 δρακεῖά
565 3787 719 3878 ἀσφαλές.
751 3816 779 3856 n.
803 3803 837 3874 7,
861 3802 901 3861 66
923 3795 1081 3882 δέρκομαι
1098 3794 1257 3881 λαμπρόν.

147 3919 173 3958 n.
194 3901 230 3974 4,
253 3902 294 3960 ee
316 3893 466 3982 φθονερὰ
488 3891 629 3979 βλέπων.
665 3900 736 3977 16,
760 3904 800 3961 ετ
823 3892 905 3963 ἴστω
928 3896 1041 3985 σαφές.
1079 3901 1116 3963 01.
1137 3907 1191 3981 11,
1215 3909 1255 3964 93

148 3996 238 4063 κενεά
260 3993 426 4076 πνεύσαις.
457 4021 486 4062 n.
510 4008 543 4078 3,
567 4006 606 4063 41
632 3994 738 4063 ἄλλοτ’
760 3994 842 4065 dna
865 4000 978 4066 πνέων.
1014 4026 1041 4087 p.
1066 4009 1121 4081 11,
1145 4010 1186 4067 30
1202 4028 1257 4084 χα-

147 4099 230 4188 μηλά
250 4098 357 4166 πνέων
376 4098 518 4188 άφαντον
534 4100 655 4189 βρέμει.
686 4125 714 4165 n.
732 4110 766 4181 3,
787 4109 830 4166 40
851 4102 933 4189 μέγα
953 4101 1076 4192 βρίθει.
1101 4108 1136 4169 ol.
1150 4114 1200 4185 13,
1216 4113 1256 4172 83

149 4199 283 4269 ἐνόπλια
312 4199 453 4285 ἔπαιζεν.
494 4208 531 4270 ol.
554 4212 609 4285 14,
635 4212 674 4269 17
704 4207 809 4293 κοῦφα
830 4213 982 4291 βιβῶντα.
1020 4232 1048 4272 n.
1068 4217 1103 4287 3,
1128 4217 1168 4273 82
1198 4233 1258 4272 τα-

150 4306 245 4373 ποινά
262 4305 422 4391 νέμονται.
452 4333 481 4393 p.
499 4316 554 4390 11,
574 4315 613 4374 51
638 4307 756 4376 δυνατὰ
773 4304 956 4394 μαιόμενος.
988 4316 1024 4377 ol.
1038 4321 1072 4390 3,
1094 4320 1134 4376 17
1155 4311 1260 4376 πιστὰ
