<?xml version="1.0" encoding="UTF-8"?>
<!DOCTYPE html PUBLIC "-//W3C//DTD XHTML 1.0 Transitional//EN"
    "http://www.w3.org/TR/xhtml1/DTD/xhtml1-transitional.dtd">
<html xmlns="http://www.w3.org/1999/xhtml" xml:lang="en" lang="en">
 <head>
  <title>
</title>
<meta http-equiv="Content-Type" content="text/html;charset=utf-8" />
  <meta name='ocr-system' content='tesseract 3.04.00' />
  <meta name='ocr-capabilities' content='ocr_page ocr_carea ocr_par ocr_line ocrx_word'/>
</head>
<body>
  <div class='ocr_page' id='page_1' title='image "./depindariususyn00erdmgoog_0046.png"; bbox 0 0 3066 4928; ppageno 0'>
   <div class='ocr_carea' id='block_1_1' title="bbox 148 460 1261 651">
    <p class='ocr_par' dir='ltr' id='par_1_1' title="bbox 148 460 1261 651">
     <span class='ocr_line' id='line_1_1' title="bbox 151 460 1261 548; baseline 0 -20"><span class='ocrx_word' id='word_1_1' title='bbox 151 471 202 528; x_wconf 99' lang='lat'>12.</span> <span class='ocrx_word' id='word_1_2' title='bbox 240 460 406 528; x_wconf 84' lang='grc' dir='ltr'><strong><em>διαπλέκω</em></strong></span> <span class='ocrx_word' id='word_1_3' title='bbox 428 486 457 528; x_wconf 95' lang='lat' dir='ltr'><strong>n.</strong></span> <span class='ocrx_word' id='word_1_4' title='bbox 482 469 517 541; x_wconf 82' lang='lat'><strong>7,</strong></span> <span class='ocrx_word' id='word_1_5' title='bbox 541 470 592 529; x_wconf 90' lang='grc'><strong>99.</strong></span> <span class='ocrx_word' id='word_1_6' title='bbox 620 460 744 546; x_wconf 80' lang='grc' dir='ltr'><em>μετέχω</em></span> <span class='ocrx_word' id='word_1_7' title='bbox 764 487 832 527; x_wconf 89' lang='lat' dir='ltr'>oum</span> <span class='ocrx_word' id='word_1_8' title='bbox 854 466 914 528; x_wconf 88' lang='lat' dir='ltr'>dat.</span> <span class='ocrx_word' id='word_1_9' title='bbox 936 486 1096 548; x_wconf 80' lang='lat' dir='ltr'>personae,</span> <span class='ocrx_word' id='word_1_10' title='bbox 1124 487 1193 547; x_wconf 84' lang='lat' dir='ltr'>gen.</span> <span class='ocrx_word' id='word_1_11' title='bbox 1217 469 1261 528; x_wconf 92' lang='lat' dir='ltr'>rei</span> 
     </span>
     <span class='ocr_line' id='line_1_2' title="bbox 148 573 312 651; baseline 0.012 -22"><span class='ocrx_word' id='word_1_12' title='bbox 148 591 179 651; x_wconf 90' lang='lat' dir='ltr'>p.</span> <span class='ocrx_word' id='word_1_13' title='bbox 203 573 239 646; x_wconf 90' lang='lat'>2,</span> <span class='ocrx_word' id='word_1_14' title='bbox 262 574 312 631; x_wconf 88' lang='lat'>83.</span> 
     </span>
    </p>
   </div>
   <div class='ocr_carea' id='block_1_2' title="bbox 147 681 1262 2141">
    <p class='ocr_par' dir='ltr' id='par_1_2' title="bbox 147 681 1262 1826">
     <span class='ocr_line' id='line_1_3' title="bbox 238 681 1260 771; baseline 0.001 -22"><span class='ocrx_word' id='word_1_15' title='bbox 238 688 355 749; x_wconf 81' lang='lat' dir='ltr'>Deinde</span> <span class='ocrx_word' id='word_1_16' title='bbox 382 688 574 748; x_wconf 88' lang='lat' dir='ltr'>memoranda</span> <span class='ocrx_word' id='word_1_17' title='bbox 596 693 668 750; x_wconf 90' lang='lat' dir='ltr'>sunt</span> <span class='ocrx_word' id='word_1_18' title='bbox 690 681 822 770; x_wconf 76' lang='grc' dir='ltr'><strong><em>μίγνυμι</em></strong></span> <span class='ocrx_word' id='word_1_19' title='bbox 848 710 877 750; x_wconf 93' lang='lat' dir='ltr'><strong>n.</strong></span> <span class='ocrx_word' id='word_1_20' title='bbox 897 697 932 767; x_wconf 89' lang='lat'>1,</span> <span class='ocrx_word' id='word_1_21' title='bbox 957 693 1004 750; x_wconf 88' lang='lat'>18.</span> <span class='ocrx_word' id='word_1_22' title='bbox 1028 693 1078 752; x_wconf 92' lang='grc'>56.</span> <span class='ocrx_word' id='word_1_23' title='bbox 1108 710 1137 771; x_wconf 87' lang='lat' dir='ltr'>p.</span> <span class='ocrx_word' id='word_1_24' title='bbox 1154 694 1189 767; x_wconf 93' lang='lat'>2,</span> <span class='ocrx_word' id='word_1_25' title='bbox 1209 694 1260 752; x_wconf 98' lang='grc'>45.</span> 
     </span>
     <span class='ocr_line' id='line_1_4' title="bbox 148 786 1260 876; baseline 0 -20"><span class='ocrx_word' id='word_1_26' title='bbox 148 815 178 876; x_wconf 92' lang='grc' dir='ltr'><strong>Ρ.</strong></span> <span class='ocrx_word' id='word_1_27' title='bbox 201 799 237 870; x_wconf 88' lang='lat'>3,</span> <span class='ocrx_word' id='word_1_28' title='bbox 262 796 310 853; x_wconf 88' lang='grc'>14.</span> <span class='ocrx_word' id='word_1_29' title='bbox 332 797 366 869; x_wconf 93' lang='grc'><strong>5,</strong></span> <span class='ocrx_word' id='word_1_30' title='bbox 391 796 440 856; x_wconf 88' lang='lat'>18.</span> <span class='ocrx_word' id='word_1_31' title='bbox 466 812 494 853; x_wconf 88' lang='lat' dir='ltr'><strong>n.</strong></span> <span class='ocrx_word' id='word_1_32' title='bbox 514 797 549 869; x_wconf 91' lang='lat'>2,</span> <span class='ocrx_word' id='word_1_33' title='bbox 571 797 621 854; x_wconf 90' lang='lat'>22.</span> <span class='ocrx_word' id='word_1_34' title='bbox 644 793 663 858; x_wconf 85' lang='lat' dir='ltr'><strong>i.</strong></span> <span class='ocrx_word' id='word_1_35' title='bbox 683 797 717 869; x_wconf 92' lang='lat'>3,</span> <span class='ocrx_word' id='word_1_36' title='bbox 740 799 767 855; x_wconf 91' lang='lat'>3.</span> <span class='ocrx_word' id='word_1_37' title='bbox 800 786 944 875; x_wconf 77' lang='grc' dir='ltr'><em>ζεύγνυμι</em></span> <span class='ocrx_word' id='word_1_38' title='bbox 964 796 982 856; x_wconf 90' lang='lat' dir='ltr'><strong>i.</strong></span> <span class='ocrx_word' id='word_1_39' title='bbox 1006 798 1040 870; x_wconf 87' lang='lat'>6,</span> <span class='ocrx_word' id='word_1_40' title='bbox 1064 798 1114 859; x_wconf 89' lang='grc'><strong>18.</strong></span> <span class='ocrx_word' id='word_1_41' title='bbox 1136 800 1210 872; x_wconf 78' lang='grc'><strong>117,</strong></span> <span class='ocrx_word' id='word_1_42' title='bbox 1232 800 1260 857; x_wconf 90' lang='grc'>6.</span> 
     </span>
     <span class='ocr_line' id='line_1_5' title="bbox 149 888 1259 983; baseline 0.002 -25"><span class='ocrx_word' id='word_1_43' title='bbox 149 888 317 977; x_wconf 84' lang='grc' dir='ltr'><strong><em>κερόννυμι</em></strong></span> <span class='ocrx_word' id='word_1_44' title='bbox 345 896 381 958; x_wconf 91' lang='lat' dir='ltr'>ol.</span> <span class='ocrx_word' id='word_1_45' title='bbox 402 902 439 957; x_wconf 95' lang='grc'>11</span> <span class='ocrx_word' id='word_1_46' title='bbox 451 943 459 972; x_wconf 96' lang='grc'><strong>,</strong></span> <span class='ocrx_word' id='word_1_47' title='bbox 484 900 553 957; x_wconf 88' lang='grc'><strong>104.</strong></span> <span class='ocrx_word' id='word_1_48' title='bbox 584 918 614 977; x_wconf 90' lang='grc' dir='ltr'><strong>Ρ.</strong></span> <span class='ocrx_word' id='word_1_49' title='bbox 637 900 674 973; x_wconf 94' lang='grc'><strong>5,</strong></span> <span class='ocrx_word' id='word_1_50' title='bbox 696 889 726 958; x_wconf 78' lang='grc'><strong>’2.</strong></span> <span class='ocrx_word' id='word_1_51' title='bbox 761 901 819 976; x_wconf 94' lang='grc'><strong>10,</strong></span> <span class='ocrx_word' id='word_1_52' title='bbox 843 901 893 959; x_wconf 93' lang='grc'><strong>41.</strong></span> <span class='ocrx_word' id='word_1_53' title='bbox 926 900 955 977; x_wconf 92' lang='lat' dir='ltr'><strong>(i.</strong></span> <span class='ocrx_word' id='word_1_54' title='bbox 978 902 1015 972; x_wconf 89' lang='grc'><strong>4,</strong></span> <span class='ocrx_word' id='word_1_55' title='bbox 1045 900 1123 976; x_wconf 91' lang='lat'><strong>22?)</strong></span> <span class='ocrx_word' id='word_1_56' title='bbox 1159 919 1259 983; x_wconf 90' lang='grc' dir='ltr'><strong><em>προς-</em></strong></span> 
     </span>
     <span class='ocr_line' id='line_1_6' title="bbox 148 993 1261 1083; baseline 0.003 -22"><span class='ocrx_word' id='word_1_57' title='bbox 148 994 282 1080; x_wconf 74' lang='grc' dir='ltr'><strong><em>μίγνομι</em></strong></span> <span class='ocrx_word' id='word_1_58' title='bbox 304 1001 340 1062; x_wconf 94' lang='lat' dir='ltr'>ol.</span> <span class='ocrx_word' id='word_1_59' title='bbox 359 1007 393 1076; x_wconf 92' lang='lat'>1,</span> <span class='ocrx_word' id='word_1_60' title='bbox 417 1005 467 1061; x_wconf 95' lang='lat'>22.</span> <span class='ocrx_word' id='word_1_61' title='bbox 497 993 692 1083; x_wconf 74' lang='grc' dir='ltr'><strong><em>σομμίγνομι</em></strong></span> <span class='ocrx_word' id='word_1_62' title='bbox 716 1023 745 1082; x_wconf 92' lang='lat' dir='ltr'>p.</span> <span class='ocrx_word' id='word_1_63' title='bbox 764 1006 799 1077; x_wconf 82' lang='lat'><strong>9,</strong></span> <span class='ocrx_word' id='word_1_64' title='bbox 823 1006 871 1064; x_wconf 91' lang='grc'>72.</span> <span class='ocrx_word' id='word_1_65' title='bbox 901 996 1090 1083; x_wconf 79' lang='grc' dir='ltr'><strong><em>ἑπιμίγνομι</em></strong></span> <span class='ocrx_word' id='word_1_66' title='bbox 1112 1023 1140 1063; x_wconf 90' lang='lat' dir='ltr'><strong>n.</strong></span> <span class='ocrx_word' id='word_1_67' title='bbox 1157 1007 1185 1081; x_wconf 88' lang='lat'>9,</span> <span class='ocrx_word' id='word_1_68' title='bbox 1204 1008 1261 1078; x_wconf 87' lang='lat'>31;</span> 
     </span>
     <span class='ocr_line' id='line_1_7' title="bbox 148 1104 1259 1185; baseline 0.002 -20"><span class='ocrx_word' id='word_1_69' title='bbox 148 1105 301 1165; x_wconf 86' lang='lat' dir='ltr'>interdum</span> <span class='ocrx_word' id='word_1_70' title='bbox 320 1124 393 1165; x_wconf 89' lang='lat' dir='ltr'>vero</span> <span class='ocrx_word' id='word_1_71' title='bbox 415 1123 484 1164; x_wconf 88' lang='lat' dir='ltr'>oum</span> <span class='ocrx_word' id='word_1_72' title='bbox 503 1104 540 1164; x_wconf 89' lang='lat' dir='ltr'>iis</span> <span class='ocrx_word' id='word_1_73' title='bbox 570 1109 602 1164; x_wconf 84' lang='lat' dir='ltr'>et</span> <span class='ocrx_word' id='word_1_74' title='bbox 627 1105 772 1167; x_wconf 84' lang='lat' dir='ltr'>similibus</span> <span class='ocrx_word' id='word_1_75' title='bbox 795 1107 896 1168; x_wconf 91' lang='lat' dir='ltr'>verbis</span> <span class='ocrx_word' id='word_1_76' title='bbox 918 1107 1065 1168; x_wconf 80' lang='lat' dir='ltr'>Pindarus</span> <span class='ocrx_word' id='word_1_77' title='bbox 1092 1127 1156 1168; x_wconf 92' lang='lat' dir='ltr'>rem</span> <span class='ocrx_word' id='word_1_78' title='bbox 1183 1125 1259 1185; x_wconf 89' lang='lat' dir='ltr'>eam,</span> 
     </span>
     <span class='ocr_line' id='line_1_8' title="bbox 150 1206 1262 1291; baseline 0.004 -23"><span class='ocrx_word' id='word_1_79' title='bbox 150 1228 229 1288; x_wconf 89' lang='lat' dir='ltr'>quae</span> <span class='ocrx_word' id='word_1_80' title='bbox 253 1228 321 1270; x_wconf 91' lang='lat' dir='ltr'>oum</span> <span class='ocrx_word' id='word_1_81' title='bbox 336 1209 395 1269; x_wconf 89' lang='lat' dir='ltr'>alia</span> <span class='ocrx_word' id='word_1_82' title='bbox 413 1209 620 1288; x_wconf 79' lang='lat' dir='ltr'>conjungitur,</span> <span class='ocrx_word' id='word_1_83' title='bbox 642 1229 697 1290; x_wconf 93' lang='lat' dir='ltr'>per</span> <span class='ocrx_word' id='word_1_84' title='bbox 718 1211 970 1291; x_wconf 83' lang='lat' dir='ltr'>praepositionem</span> <span class='ocrx_word' id='word_1_85' title='bbox 990 1206 1024 1275; x_wconf 79' lang='grc' dir='ltr'>ἐν</span> <span class='ocrx_word' id='word_1_86' title='bbox 1044 1211 1204 1287; x_wconf 84' lang='lat' dir='ltr'>construit,</span> <span class='ocrx_word' id='word_1_87' title='bbox 1226 1215 1262 1272; x_wconf 90' lang='lat' dir='ltr'>ut</span> 
     </span>
     <span class='ocr_line' id='line_1_9' title="bbox 147 1308 1262 1397; baseline 0.003 -23"><span class='ocrx_word' id='word_1_88' title='bbox 147 1313 212 1392; x_wconf 83' lang='lat' dir='ltr'>jam</span> <span class='ocrx_word' id='word_1_89' title='bbox 234 1314 418 1374; x_wconf 87' lang='lat' dir='ltr'>eiroumdare</span> <span class='ocrx_word' id='word_1_90' title='bbox 441 1333 508 1374; x_wconf 92' lang='lat' dir='ltr'>eam</span> <span class='ocrx_word' id='word_1_91' title='bbox 529 1317 560 1374; x_wconf 91' lang='lat' dir='ltr'>et</span> <span class='ocrx_word' id='word_1_92' title='bbox 578 1314 699 1392; x_wconf 83' lang='lat' dir='ltr'>ningere</span> <span class='ocrx_word' id='word_1_93' title='bbox 718 1315 865 1379; x_wconf 86' lang='lat' dir='ltr'>videatur.</span> <span class='ocrx_word' id='word_1_94' title='bbox 909 1315 957 1376; x_wconf 86' lang='lat' dir='ltr'>Ita</span> <span class='ocrx_word' id='word_1_95' title='bbox 979 1316 1109 1393; x_wconf 82' lang='lat' dir='ltr'>legimus</span> <span class='ocrx_word' id='word_1_96' title='bbox 1131 1308 1262 1397; x_wconf 80' lang='grc' dir='ltr'><strong><em>μίγνσμι</em></strong></span> 
     </span>
     <span class='ocr_line' id='line_1_10' title="bbox 150 1409 1260 1501; baseline 0.004 -24"><span class='ocrx_word' id='word_1_97' title='bbox 150 1409 185 1478; x_wconf 82' lang='grc' dir='ltr'>ἒν</span> <span class='ocrx_word' id='word_1_98' title='bbox 208 1419 244 1479; x_wconf 94' lang='lat' dir='ltr'>ol.</span> <span class='ocrx_word' id='word_1_99' title='bbox 266 1423 301 1496; x_wconf 91' lang='lat'>1,</span> <span class='ocrx_word' id='word_1_100' title='bbox 327 1421 376 1480; x_wconf 91' lang='grc'><strong>90.</strong></span> <span class='ocrx_word' id='word_1_101' title='bbox 399 1439 427 1499; x_wconf 89' lang='grc' dir='ltr'><strong>Ρ.</strong></span> <span class='ocrx_word' id='word_1_102' title='bbox 450 1421 486 1494; x_wconf 88' lang='grc'>4,</span> <span class='ocrx_word' id='word_1_103' title='bbox 509 1422 582 1480; x_wconf 91' lang='grc'><strong>251.</strong></span> <span class='ocrx_word' id='word_1_104' title='bbox 605 1419 623 1482; x_wconf 95' lang='lat' dir='ltr'><strong>i.</strong></span> <span class='ocrx_word' id='word_1_105' title='bbox 644 1423 679 1494; x_wconf 92' lang='grc'>2,</span> <span class='ocrx_word' id='word_1_106' title='bbox 702 1422 743 1478; x_wconf 88' lang='grc'>29</span> <span class='ocrx_word' id='word_1_107' title='bbox 767 1420 874 1497; x_wconf 90' lang='lat' dir='ltr'>(semel</span> <span class='ocrx_word' id='word_1_108' title='bbox 895 1439 964 1481; x_wconf 92' lang='lat' dir='ltr'>oum</span> <span class='ocrx_word' id='word_1_109' title='bbox 984 1439 1086 1501; x_wconf 83' lang='lat' dir='ltr'>praep.</span> <span class='ocrx_word' id='word_1_110' title='bbox 1108 1411 1163 1481; x_wconf 87' lang='grc' dir='ltr'>σόν</span> <span class='ocrx_word' id='word_1_111' title='bbox 1184 1438 1214 1484; x_wconf 93' lang='lat' dir='ltr'><strong>n.</strong></span> <span class='ocrx_word' id='word_1_112' title='bbox 1231 1423 1260 1496; x_wconf 87' lang='lat'>3,</span> 
     </span>
     <span class='ocr_line' id='line_1_11' title="bbox 152 1511 1261 1603; baseline 0.004 -21"><span class='ocrx_word' id='word_1_113' title='bbox 152 1525 215 1599; x_wconf 87' lang='grc'><strong>75).</strong></span> <span class='ocrx_word' id='word_1_114' title='bbox 264 1516 384 1602; x_wconf 78' lang='grc' dir='ltr'><strong><em>’μπίνω</em></strong></span> <span class='ocrx_word' id='word_1_115' title='bbox 412 1518 446 1585; x_wconf 85' lang='grc' dir='ltr'>ἒν</span> <span class='ocrx_word' id='word_1_116' title='bbox 473 1522 559 1601; x_wconf 85' lang='lat' dir='ltr'>frgm</span> <span class='ocrx_word' id='word_1_117' title='bbox 584 1527 638 1600; x_wconf 95' lang='grc'><strong>77,</strong></span> <span class='ocrx_word' id='word_1_118' title='bbox 664 1529 679 1582; x_wconf 91' lang='grc'><strong>1</strong></span> <span class='ocrx_word' id='word_1_119' title='bbox 721 1517 850 1584; x_wconf 76' lang='grc' dir='ltr'><strong><em>ἐνέπεσε</em></strong></span> <span class='ocrx_word' id='word_1_120' title='bbox 880 1511 1046 1603; x_wconf 74' lang='grc' dir='ltr'><strong><em>κεκραμὲν’</em></strong></span> <span class='ocrx_word' id='word_1_121' title='bbox 1076 1517 1110 1584; x_wconf 80' lang='grc' dir='ltr'>ἒν</span> <span class='ocrx_word' id='word_1_122' title='bbox 1138 1520 1261 1603; x_wconf 81' lang='grc' dir='ltr'><strong><em>αἵματι.</em></strong></span> 
     </span>
     <span class='ocr_line' id='line_1_12' title="bbox 151 1612 1261 1710; baseline 0.002 -24"><span class='ocrx_word' id='word_1_123' title='bbox 151 1612 292 1707; x_wconf 76' lang='grc' dir='ltr'><strong><em>ἀραρότα</em></strong></span> <span class='ocrx_word' id='word_1_124' title='bbox 315 1620 348 1688; x_wconf 80' lang='grc' dir='ltr'>ἒν</span> <span class='ocrx_word' id='word_1_125' title='bbox 367 1619 490 1688; x_wconf 76' lang='grc' dir='ltr'><strong><em>ἅπαντι</em></strong></span> <span class='ocrx_word' id='word_1_126' title='bbox 511 1617 622 1710; x_wconf 81' lang='grc' dir='ltr'><strong><em>κράτει</em></strong></span> <span class='ocrx_word' id='word_1_127' title='bbox 645 1627 681 1688; x_wconf 89' lang='lat' dir='ltr'>ol.</span> <span class='ocrx_word' id='word_1_128' title='bbox 699 1633 756 1704; x_wconf 93' lang='lat'>11,</span> <span class='ocrx_word' id='word_1_129' title='bbox 779 1631 829 1688; x_wconf 91' lang='lat'>82.</span> <span class='ocrx_word' id='word_1_130' title='bbox 853 1623 1056 1708; x_wconf 79' lang='grc' dir='ltr'><strong><em>(ἐπικύρσαις</em></strong></span> <span class='ocrx_word' id='word_1_131' title='bbox 1070 1661 1113 1672; x_wconf 89' lang='grc'><strong>-</strong></span> <span class='ocrx_word' id='word_1_132' title='bbox 1135 1621 1168 1688; x_wconf 79' lang='grc' dir='ltr'>ἐν</span> <span class='ocrx_word' id='word_1_133' title='bbox 1189 1617 1261 1689; x_wconf 78' lang='grc' dir='ltr'><strong><em>ἄοι-</em></strong></span> 
     </span>
     <span class='ocr_line' id='line_1_13' title="bbox 151 1727 1068 1826; baseline 0.001 -34"><span class='ocrx_word' id='word_1_134' title='bbox 151 1727 244 1803; x_wconf 69' lang='grc' dir='ltr'><strong><em>όαῖςὲ</em></strong></span> <span class='ocrx_word' id='word_1_135' title='bbox 267 1731 302 1790; x_wconf 95' lang='lat' dir='ltr'>ol.</span> <span class='ocrx_word' id='word_1_136' title='bbox 324 1735 358 1805; x_wconf 91' lang='grc'>6,</span> <span class='ocrx_word' id='word_1_137' title='bbox 383 1732 424 1808; x_wconf 88' lang='grc'>7.)</span> <span class='ocrx_word' id='word_1_138' title='bbox 1059 1809 1068 1826; x_wconf 45' lang='lat'><strong>·</strong></span> 
     </span>
    </p>

    <p class='ocr_par' dir='ltr' id='par_1_3' title="bbox 149 1849 1259 2141">
     <span class='ocr_line' id='line_1_14' title="bbox 237 1849 1259 1930; baseline 0.003 -21"><span class='ocrx_word' id='word_1_139' title='bbox 237 1849 374 1930; x_wconf 90' lang='lat' dir='ltr'>Denique</span> <span class='ocrx_word' id='word_1_140' title='bbox 402 1849 576 1910; x_wconf 88' lang='lat' dir='ltr'>notissimus</span> <span class='ocrx_word' id='word_1_141' title='bbox 604 1852 653 1910; x_wconf 85' lang='lat' dir='ltr'>est</span> <span class='ocrx_word' id='word_1_142' title='bbox 680 1849 799 1910; x_wconf 79' lang='lat' dir='ltr'>dativus</span> <span class='ocrx_word' id='word_1_143' title='bbox 828 1851 984 1930; x_wconf 88' lang='lat' dir='ltr'>appositus</span> <span class='ocrx_word' id='word_1_144' title='bbox 1013 1851 1115 1911; x_wconf 89' lang='lat' dir='ltr'>verbis</span> <span class='ocrx_word' id='word_1_145' title='bbox 1142 1870 1259 1930; x_wconf 92' lang='lat' dir='ltr'>oompo—</span> 
     </span>
     <span class='ocr_line' id='line_1_15' title="bbox 149 1940 1258 2037; baseline 0 -21"><span class='ocrx_word' id='word_1_146' title='bbox 149 1955 258 2036; x_wconf 88' lang='lat' dir='ltr'>positis</span> <span class='ocrx_word' id='word_1_147' title='bbox 286 1973 353 2016; x_wconf 90' lang='lat' dir='ltr'>oum</span> <span class='ocrx_word' id='word_1_148' title='bbox 379 1972 481 2034; x_wconf 89' lang='lat' dir='ltr'>praep.</span> <span class='ocrx_word' id='word_1_149' title='bbox 509 1940 598 2030; x_wconf 74' lang='grc' dir='ltr'><strong><em>ἄντί,</em></strong></span> <span class='ocrx_word' id='word_1_150' title='bbox 627 1947 675 2031; x_wconf 78' lang='grc' dir='ltr'>ἓν,</span> <span class='ocrx_word' id='word_1_151' title='bbox 710 1946 784 2031; x_wconf 77' lang='grc' dir='ltr'><strong>ἐπί,</strong></span> <span class='ocrx_word' id='word_1_152' title='bbox 818 1945 927 2034; x_wconf 81' lang='grc' dir='ltr'><strong><em>παρα,</em></strong></span> <span class='ocrx_word' id='word_1_153' title='bbox 957 1944 1030 2031; x_wconf 82' lang='grc' dir='ltr'>σόν,</span> <span class='ocrx_word' id='word_1_154' title='bbox 1061 1947 1159 2037; x_wconf 76' lang='grc' dir='ltr'><strong><em>ὑπέρ,</em></strong></span> <span class='ocrx_word' id='word_1_155' title='bbox 1191 1945 1258 2018; x_wconf 80' lang='grc' dir='ltr'>ὑπό</span> 
     </span>
     <span class='ocr_line' id='line_1_16' title="bbox 151 2050 1033 2141; baseline -0.001 -22"><span class='ocrx_word' id='word_1_156' title='bbox 151 2050 322 2141; x_wconf 77' lang='grc' dir='ltr'><strong><em>(ὖφίστημι</em></strong></span> <span class='ocrx_word' id='word_1_157' title='bbox 344 2060 380 2121; x_wconf 95' lang='lat' dir='ltr'>ol.</span> <span class='ocrx_word' id='word_1_158' title='bbox 404 2061 438 2135; x_wconf 90' lang='grc'>6,</span> <span class='ocrx_word' id='word_1_159' title='bbox 462 2058 506 2135; x_wconf 86' lang='grc'>1),</span> <span class='ocrx_word' id='word_1_160' title='bbox 530 2076 606 2135; x_wconf 87' lang='lat' dir='ltr'>quae</span> <span class='ocrx_word' id='word_1_161' title='bbox 631 2076 808 2118; x_wconf 86' lang='lat' dir='ltr'>enumerare</span> <span class='ocrx_word' id='word_1_162' title='bbox 829 2058 955 2137; x_wconf 83' lang='lat' dir='ltr'>longum</span> <span class='ocrx_word' id='word_1_163' title='bbox 977 2063 1033 2118; x_wconf 89' lang='lat' dir='ltr'>est.</span> 
     </span>
    </p>
   </div>
   <div class='ocr_carea' id='block_1_3' title="bbox 106 2222 1261 3761">
    <p class='ocr_par' dir='ltr' id='par_1_4' title="bbox 106 2222 1261 3761">
     <span class='ocr_line' id='line_1_17' title="bbox 242 2222 1260 2304; baseline 0.003 -22"><span class='ocrx_word' id='word_1_164' title='bbox 242 2222 298 2283; x_wconf 89' lang='lat' dir='ltr'>Ad</span> <span class='ocrx_word' id='word_1_165' title='bbox 303 2224 454 2304; x_wconf 82' lang='lat' dir='ltr'>jectiva</span> <span class='ocrx_word' id='word_1_166' title='bbox 483 2243 534 2299; x_wconf 87' lang='lat' dir='ltr'>ea,</span> <span class='ocrx_word' id='word_1_167' title='bbox 564 2241 640 2303; x_wconf 89' lang='lat' dir='ltr'>quae</span> <span class='ocrx_word' id='word_1_168' title='bbox 665 2224 903 2304; x_wconf 79' lang='lat' dir='ltr'>conjunctionem</span> <span class='ocrx_word' id='word_1_169' title='bbox 927 2225 1075 2302; x_wconf 92' lang='lat' dir='ltr'>quandam</span> <span class='ocrx_word' id='word_1_170' title='bbox 1099 2243 1199 2284; x_wconf 87' lang='lat' dir='ltr'>rerum</span> <span class='ocrx_word' id='word_1_171' title='bbox 1222 2224 1260 2285; x_wconf 91' lang='lat' dir='ltr'>si·</span> 
     </span>
     <span class='ocr_line' id='line_1_18' title="bbox 154 2325 1260 2408; baseline 0.002 -22"><span class='ocrx_word' id='word_1_172' title='bbox 154 2325 314 2406; x_wconf 84' lang='lat' dir='ltr'>gnifioant,</span> <span class='ocrx_word' id='word_1_173' title='bbox 341 2327 487 2388; x_wconf 83' lang='lat' dir='ltr'>Pindarus</span> <span class='ocrx_word' id='word_1_174' title='bbox 509 2327 686 2407; x_wconf 87' lang='lat' dir='ltr'>plerumque</span> <span class='ocrx_word' id='word_1_175' title='bbox 710 2347 777 2388; x_wconf 87' lang='lat' dir='ltr'>cum</span> <span class='ocrx_word' id='word_1_176' title='bbox 801 2327 902 2390; x_wconf 89' lang='lat' dir='ltr'>dativo</span> <span class='ocrx_word' id='word_1_177' title='bbox 923 2328 1076 2388; x_wconf 91' lang='lat' dir='ltr'>nominum</span> <span class='ocrx_word' id='word_1_178' title='bbox 1097 2328 1260 2408; x_wconf 82' lang='lat' dir='ltr'>conjungit,</span> 
     </span>
     <span class='ocr_line' id='line_1_19' title="bbox 152 2431 1260 2512; baseline 0.004 -22"><span class='ocrx_word' id='word_1_179' title='bbox 152 2431 302 2492; x_wconf 90' lang='lat' dir='ltr'>interdum</span> <span class='ocrx_word' id='word_1_180' title='bbox 325 2432 582 2494; x_wconf 80' lang='lat' dir='ltr'>substantivorum</span> <span class='ocrx_word' id='word_1_181' title='bbox 599 2432 631 2492; x_wconf 89' lang='lat' dir='ltr'>in</span> <span class='ocrx_word' id='word_1_182' title='bbox 645 2432 767 2494; x_wconf 87' lang='lat' dir='ltr'>modum</span> <span class='ocrx_word' id='word_1_183' title='bbox 781 2451 849 2493; x_wconf 91' lang='lat' dir='ltr'>eum</span> <span class='ocrx_word' id='word_1_184' title='bbox 864 2433 1020 2512; x_wconf 76' lang='lat' dir='ltr'>genetivo,</span> <span class='ocrx_word' id='word_1_185' title='bbox 1044 2451 1111 2492; x_wconf 91' lang='lat' dir='ltr'>eum</span> <span class='ocrx_word' id='word_1_186' title='bbox 1125 2433 1163 2492; x_wconf 91' lang='lat' dir='ltr'>iis</span> <span class='ocrx_word' id='word_1_187' title='bbox 1178 2451 1260 2510; x_wconf 89' lang='lat' dir='ltr'>vero,</span> 
     </span>
     <span class='ocr_line' id='line_1_20' title="bbox 153 2537 1260 2616; baseline 0.001 -19"><span class='ocrx_word' id='word_1_188' title='bbox 153 2537 259 2616; x_wconf 90' lang='lat' dir='ltr'>quibus</span> <span class='ocrx_word' id='word_1_189' title='bbox 279 2537 443 2598; x_wconf 88' lang='lat' dir='ltr'>aversionis</span> <span class='ocrx_word' id='word_1_190' title='bbox 466 2538 531 2598; x_wconf 91' lang='lat' dir='ltr'>sive</span> <span class='ocrx_word' id='word_1_191' title='bbox 554 2537 726 2599; x_wconf 77' lang='lat' dir='ltr'>inimicitiae</span> <span class='ocrx_word' id='word_1_192' title='bbox 747 2539 829 2599; x_wconf 88' lang='lat' dir='ltr'>notio</span> <span class='ocrx_word' id='word_1_193' title='bbox 850 2537 944 2614; x_wconf 89' lang='lat' dir='ltr'>inest,</span> <span class='ocrx_word' id='word_1_194' title='bbox 971 2537 1147 2616; x_wconf 83' lang='lat' dir='ltr'>genetivum</span> <span class='ocrx_word' id='word_1_195' title='bbox 1166 2537 1260 2598; x_wconf 93' lang='lat' dir='ltr'>multo</span> 
     </span>
     <span class='ocr_line' id='line_1_21' title="bbox 153 2634 1258 2724; baseline 0.001 -24"><span class='ocrx_word' id='word_1_196' title='bbox 153 2642 272 2722; x_wconf 92' lang='lat' dir='ltr'>saepius</span> <span class='ocrx_word' id='word_1_197' title='bbox 301 2643 490 2723; x_wconf 82' lang='lat' dir='ltr'>conjunctum</span> <span class='ocrx_word' id='word_1_198' title='bbox 513 2642 649 2703; x_wconf 92' lang='lat' dir='ltr'>videmus</span> <span class='ocrx_word' id='word_1_199' title='bbox 680 2642 729 2721; x_wconf 82' lang='lat' dir='ltr'><strong>(ef.</strong></span> <span class='ocrx_word' id='word_1_200' title='bbox 754 2643 778 2721; x_wconf 71' lang='lat'>§-</span> <span class='ocrx_word' id='word_1_201' title='bbox 800 2645 835 2718; x_wconf 88' lang='grc'>5,</span> <span class='ocrx_word' id='word_1_202' title='bbox 864 2644 925 2720; x_wconf 89' lang='grc'><strong>10).</strong></span> <span class='ocrx_word' id='word_1_203' title='bbox 962 2634 1079 2724; x_wconf 73' lang='grc' dir='ltr'><strong><em>ἅμερος</em></strong></span> <span class='ocrx_word' id='word_1_204' title='bbox 1105 2660 1173 2701; x_wconf 91' lang='lat' dir='ltr'>oum</span> <span class='ocrx_word' id='word_1_205' title='bbox 1196 2642 1258 2703; x_wconf 88' lang='lat' dir='ltr'>dat.</span> 
     </span>
     <span class='ocr_line' id='line_1_22' title="bbox 152 2735 1260 2829; baseline 0.003 -24"><span class='ocrx_word' id='word_1_206' title='bbox 152 2744 189 2807; x_wconf 89' lang='lat' dir='ltr'>ol.</span> <span class='ocrx_word' id='word_1_207' title='bbox 213 2751 268 2824; x_wconf 88' lang='grc'>13,</span> <span class='ocrx_word' id='word_1_208' title='bbox 292 2751 310 2806; x_wconf 93' lang='grc'><strong>2</strong></span> <span class='ocrx_word' id='word_1_209' title='bbox 335 2735 421 2809; x_wconf 83' lang='grc' dir='ltr'><strong><em>οἶκον</em></strong></span> <span class='ocrx_word' id='word_1_210' title='bbox 443 2740 561 2829; x_wconf 79' lang='grc' dir='ltr'><strong><em>ἅμερον</em></strong></span> <span class='ocrx_word' id='word_1_211' title='bbox 584 2739 701 2819; x_wconf 85' lang='grc' dir='ltr'><strong><em>ἀστοῖς.</em></strong></span> <span class='ocrx_word' id='word_1_212' title='bbox 731 2738 827 2828; x_wconf 83' lang='grc' dir='ltr'><strong><em>φίλος</em></strong></span> <span class='ocrx_word' id='word_1_213' title='bbox 848 2765 916 2806; x_wconf 88' lang='lat' dir='ltr'>oum</span> <span class='ocrx_word' id='word_1_214' title='bbox 936 2745 995 2806; x_wconf 84' lang='lat' dir='ltr'>dat</span> <span class='ocrx_word' id='word_1_215' title='bbox 1016 2766 1045 2806; x_wconf 92' lang='lat' dir='ltr'><strong>n.</strong></span> <span class='ocrx_word' id='word_1_216' title='bbox 1061 2748 1098 2820; x_wconf 91' lang='grc'>4,</span> <span class='ocrx_word' id='word_1_217' title='bbox 1121 2749 1172 2812; x_wconf 89' lang='grc'><strong>22.</strong></span> <span class='ocrx_word' id='word_1_218' title='bbox 1193 2748 1213 2810; x_wconf 93' lang='lat' dir='ltr'><strong>i.</strong></span> <span class='ocrx_word' id='word_1_219' title='bbox 1232 2751 1260 2822; x_wconf 90' lang='lat'>1,</span> 
     </span>
     <span class='ocr_line' id='line_1_23' title="bbox 153 2850 1259 2929; baseline 0 -19"><span class='ocrx_word' id='word_1_220' title='bbox 153 2851 180 2910; x_wconf 87' lang='grc'>5.</span> <span class='ocrx_word' id='word_1_221' title='bbox 203 2850 291 2927; x_wconf 83' lang='lat' dir='ltr'>frgm.</span> <span class='ocrx_word' id='word_1_222' title='bbox 311 2852 368 2924; x_wconf 82' lang='lat'><strong>49,</strong></span> <span class='ocrx_word' id='word_1_223' title='bbox 393 2852 421 2909; x_wconf 96' lang='grc'><strong>2.</strong></span> <span class='ocrx_word' id='word_1_224' title='bbox 446 2854 524 2922; x_wconf 96' lang='grc'><strong>127,</strong></span> <span class='ocrx_word' id='word_1_225' title='bbox 547 2852 575 2909; x_wconf 93' lang='grc'><strong>2.</strong></span> <span class='ocrx_word' id='word_1_226' title='bbox 599 2853 670 2912; x_wconf 90' lang='grc'><strong>246.</strong></span> <span class='ocrx_word' id='word_1_227' title='bbox 701 2868 769 2910; x_wconf 87' lang='lat' dir='ltr'>eum</span> <span class='ocrx_word' id='word_1_228' title='bbox 791 2867 860 2926; x_wconf 86' lang='lat' dir='ltr'>gen.</span> <span class='ocrx_word' id='word_1_229' title='bbox 884 2869 912 2929; x_wconf 94' lang='lat' dir='ltr'>p.</span> <span class='ocrx_word' id='word_1_230' title='bbox 935 2853 971 2919; x_wconf 87' lang='lat'><strong>3,</strong></span> <span class='ocrx_word' id='word_1_231' title='bbox 994 2852 1025 2909; x_wconf 88' lang='grc'>5.</span> <span class='ocrx_word' id='word_1_232' title='bbox 1052 2851 1085 2924; x_wconf 93' lang='grc'>9,</span> <span class='ocrx_word' id='word_1_233' title='bbox 1109 2851 1157 2912; x_wconf 92' lang='grc'><strong>96.</strong></span> <span class='ocrx_word' id='word_1_234' title='bbox 1180 2869 1208 2910; x_wconf 91' lang='lat' dir='ltr'><strong>n.</strong></span> <span class='ocrx_word' id='word_1_235' title='bbox 1230 2852 1259 2929; x_wconf 88' lang='grc'>5,</span> 
     </span>
     <span class='ocr_line' id='line_1_24' title="bbox 152 2944 1261 3036; baseline 0.002 -24"><span class='ocrx_word' id='word_1_236' title='bbox 152 2955 171 3012; x_wconf 89' lang='grc'>8</span> <span class='ocrx_word' id='word_1_237' title='bbox 194 2952 262 3031; x_wconf 88' lang='lat' dir='ltr'>(sed</span> <span class='ocrx_word' id='word_1_238' title='bbox 281 2946 438 3031; x_wconf 81' lang='grc' dir='ltr'><strong><em>πολέμιος</em></strong></span> <span class='ocrx_word' id='word_1_239' title='bbox 460 2971 527 3013; x_wconf 90' lang='lat' dir='ltr'>eum</span> <span class='ocrx_word' id='word_1_240' title='bbox 550 2972 617 3031; x_wconf 87' lang='lat' dir='ltr'>gen.</span> <span class='ocrx_word' id='word_1_241' title='bbox 639 2972 668 3033; x_wconf 91' lang='lat' dir='ltr'>p.</span> <span class='ocrx_word' id='word_1_242' title='bbox 688 2958 724 3028; x_wconf 92' lang='grc'>1,</span> <span class='ocrx_word' id='word_1_243' title='bbox 748 2952 796 3015; x_wconf 85' lang='grc'>15.</span> <span class='ocrx_word' id='word_1_244' title='bbox 821 2944 935 3036; x_wconf 73' lang='grc' dir='ltr'><strong><em>ἐχθρός</em></strong></span> <span class='ocrx_word' id='word_1_245' title='bbox 958 2952 994 3013; x_wconf 88' lang='lat' dir='ltr'>ol.</span> <span class='ocrx_word' id='word_1_246' title='bbox 1012 2957 1040 3029; x_wconf 90' lang='grc'>7,</span> <span class='ocrx_word' id='word_1_247' title='bbox 1060 2953 1121 3029; x_wconf 87' lang='grc'><strong>90).</strong></span> <span class='ocrx_word' id='word_1_248' title='bbox 1153 2944 1261 3028; x_wconf 88' lang='grc' dir='ltr'><strong><em>κοινός</em></strong></span> 
     </span>
     <span class='ocr_line' id='line_1_25' title="bbox 152 3052 1260 3140; baseline 0.001 -23"><span class='ocrx_word' id='word_1_249' title='bbox 152 3076 219 3118; x_wconf 90' lang='lat' dir='ltr'>oum</span> <span class='ocrx_word' id='word_1_250' title='bbox 242 3055 302 3118; x_wconf 85' lang='lat' dir='ltr'>dat</span> <span class='ocrx_word' id='word_1_251' title='bbox 322 3077 352 3137; x_wconf 94' lang='lat' dir='ltr'>p.</span> <span class='ocrx_word' id='word_1_252' title='bbox 370 3060 405 3133; x_wconf 91' lang='grc'><strong>6,</strong></span> <span class='ocrx_word' id='word_1_253' title='bbox 426 3059 475 3118; x_wconf 89' lang='grc'>15.</span> <span class='ocrx_word' id='word_1_254' title='bbox 497 3059 577 3132; x_wconf 74' lang='grc'><strong>114,</strong></span> <span class='ocrx_word' id='word_1_255' title='bbox 601 3061 650 3118; x_wconf 93' lang='grc'>12.</span> <span class='ocrx_word' id='word_1_256' title='bbox 673 3057 745 3134; x_wconf 69' lang='grc'><strong>15,</strong></span> <span class='ocrx_word' id='word_1_257' title='bbox 771 3061 821 3118; x_wconf 91' lang='grc'><strong>69.</strong></span> <span class='ocrx_word' id='word_1_258' title='bbox 856 3052 1006 3140; x_wconf 80' lang='grc' dir='ltr'><strong><em>συνάορος</em></strong></span> <span class='ocrx_word' id='word_1_259' title='bbox 1028 3076 1096 3118; x_wconf 91' lang='lat' dir='ltr'>oum</span> <span class='ocrx_word' id='word_1_260' title='bbox 1110 3057 1170 3118; x_wconf 88' lang='lat' dir='ltr'>dat.</span> <span class='ocrx_word' id='word_1_261' title='bbox 1185 3077 1213 3117; x_wconf 94' lang='lat' dir='ltr'><strong>n.</strong></span> <span class='ocrx_word' id='word_1_262' title='bbox 1229 3060 1260 3133; x_wconf 87' lang='lat'><strong>4,</strong></span> 
     </span>
     <span class='ocr_line' id='line_1_26' title="bbox 106 3151 1261 3246; baseline 0 -23"><span class='ocrx_word' id='word_1_263' title='bbox 106 3163 109 3170; x_wconf 86' lang='lat'>&#39;</span> <span class='ocrx_word' id='word_1_264' title='bbox 153 3163 181 3223; x_wconf 95' lang='grc'>5.</span> <span class='ocrx_word' id='word_1_265' title='bbox 205 3151 384 3244; x_wconf 85' lang='grc' dir='ltr'><strong><em>σόμπειρος</em></strong></span> <span class='ocrx_word' id='word_1_266' title='bbox 405 3181 433 3223; x_wconf 90' lang='lat' dir='ltr'><strong>n.</strong></span> <span class='ocrx_word' id='word_1_267' title='bbox 457 3165 491 3236; x_wconf 94' lang='grc'>7,</span> <span class='ocrx_word' id='word_1_268' title='bbox 516 3164 565 3225; x_wconf 88' lang='grc'><strong>10.</strong></span> <span class='ocrx_word' id='word_1_269' title='bbox 596 3153 728 3246; x_wconf 72' lang='grc' dir='ltr'><strong><em>ἔφεδρος</em></strong></span> <span class='ocrx_word' id='word_1_270' title='bbox 752 3181 781 3224; x_wconf 91' lang='lat' dir='ltr'><strong>n.</strong></span> <span class='ocrx_word' id='word_1_271' title='bbox 802 3164 838 3237; x_wconf 91' lang='grc'>4,</span> <span class='ocrx_word' id='word_1_272' title='bbox 863 3165 920 3235; x_wconf 87' lang='grc'>96;</span> <span class='ocrx_word' id='word_1_273' title='bbox 949 3153 1110 3244; x_wconf 80' lang='grc' dir='ltr'><strong><em>πάρεδρον</em></strong></span> <span class='ocrx_word' id='word_1_274' title='bbox 1131 3151 1261 3241; x_wconf 67' lang='grc' dir='ltr'><strong><em>ἑτοῖμον</em></strong></span> 
     </span>
     <span class='ocr_line' id='line_1_27' title="bbox 152 3251 1259 3352; baseline 0.001 -27"><span class='ocrx_word' id='word_1_275' title='bbox 152 3256 236 3347; x_wconf 78' lang='grc' dir='ltr'><strong><em>αὐτῷ</em></strong></span> <span class='ocrx_word' id='word_1_276' title='bbox 258 3265 293 3352; x_wconf 77' lang='lat' dir='ltr'>ol.</span> <span class='ocrx_word' id='word_1_277' title='bbox 313 3270 346 3343; x_wconf 93' lang='grc'>2,</span> <span class='ocrx_word' id='word_1_278' title='bbox 370 3269 412 3326; x_wconf 89' lang='grc'>84</span> <span class='ocrx_word' id='word_1_279' title='bbox 434 3266 518 3344; x_wconf 74' lang='grc'><strong>(76),</strong></span> <span class='ocrx_word' id='word_1_280' title='bbox 541 3265 611 3326; x_wconf 89' lang='lat' dir='ltr'>alibi</span> <span class='ocrx_word' id='word_1_281' title='bbox 634 3283 702 3325; x_wconf 90' lang='lat' dir='ltr'>eum</span> <span class='ocrx_word' id='word_1_282' title='bbox 719 3284 788 3344; x_wconf 84' lang='lat' dir='ltr'>gen.</span> <span class='ocrx_word' id='word_1_283' title='bbox 826 3251 933 3338; x_wconf 77' lang='grc' dir='ltr'><strong><em>ἀντίος</em></strong></span> <span class='ocrx_word' id='word_1_284' title='bbox 954 3284 1021 3325; x_wconf 91' lang='lat' dir='ltr'>oum</span> <span class='ocrx_word' id='word_1_285' title='bbox 1037 3264 1095 3325; x_wconf 88' lang='lat' dir='ltr'>dat.</span> <span class='ocrx_word' id='word_1_286' title='bbox 1111 3285 1139 3324; x_wconf 94' lang='lat' dir='ltr'><strong>n.</strong></span> <span class='ocrx_word' id='word_1_287' title='bbox 1157 3270 1185 3341; x_wconf 90' lang='lat'><strong>1,</strong></span> <span class='ocrx_word' id='word_1_288' title='bbox 1208 3269 1259 3326; x_wconf 90' lang='grc'>25.</span> 
     </span>
     <span class='ocr_line' id='line_1_28' title="bbox 154 3358 1259 3449; baseline 0 -20"><span class='ocrx_word' id='word_1_289' title='bbox 154 3362 297 3430; x_wconf 78' lang='grc' dir='ltr'><strong><em>ἐναντίον</em></strong></span> <span class='ocrx_word' id='word_1_290' title='bbox 328 3390 396 3431; x_wconf 92' lang='lat' dir='ltr'>oum</span> <span class='ocrx_word' id='word_1_291' title='bbox 424 3389 492 3449; x_wconf 85' lang='lat' dir='ltr'>gen.</span> <span class='ocrx_word' id='word_1_292' title='bbox 521 3370 608 3449; x_wconf 86' lang='lat' dir='ltr'>frgm.</span> <span class='ocrx_word' id='word_1_293' title='bbox 638 3373 709 3431; x_wconf 87' lang='grc'><strong>253.</strong></span> <span class='ocrx_word' id='word_1_294' title='bbox 756 3358 850 3430; x_wconf 79' lang='grc' dir='ltr'><strong><em>ἀντία</em></strong></span> <span class='ocrx_word' id='word_1_295' title='bbox 881 3387 948 3429; x_wconf 92' lang='lat' dir='ltr'>oum</span> <span class='ocrx_word' id='word_1_296' title='bbox 978 3388 1046 3447; x_wconf 84' lang='lat' dir='ltr'>gen.</span> <span class='ocrx_word' id='word_1_297' title='bbox 1077 3367 1114 3430; x_wconf 85' lang='lat' dir='ltr'>ol</span> <span class='ocrx_word' id='word_1_298' title='bbox 1141 3373 1176 3445; x_wconf 93' lang='grc'>9,</span> <span class='ocrx_word' id='word_1_299' title='bbox 1209 3372 1259 3429; x_wconf 92' lang='grc'><strong>29.</strong></span> 
     </span>
     <span class='ocr_line' id='line_1_29' title="bbox 152 3463 1259 3555; baseline -0.001 -20"><span class='ocrx_word' id='word_1_300' title='bbox 152 3465 263 3550; x_wconf 77' lang='grc' dir='ltr'><strong><em>ὅμοιος</em></strong></span> <span class='ocrx_word' id='word_1_301' title='bbox 285 3475 394 3555; x_wconf 89' lang='lat' dir='ltr'>ubique</span> <span class='ocrx_word' id='word_1_302' title='bbox 417 3494 484 3535; x_wconf 90' lang='lat' dir='ltr'>eum</span> <span class='ocrx_word' id='word_1_303' title='bbox 507 3475 566 3535; x_wconf 91' lang='lat' dir='ltr'>dat.</span> <span class='ocrx_word' id='word_1_304' title='bbox 588 3474 660 3535; x_wconf 92' lang='lat' dir='ltr'>item</span> <span class='ocrx_word' id='word_1_305' title='bbox 684 3463 848 3553; x_wconf 82' lang='grc' dir='ltr'><strong><em>ὁμόδαμος</em></strong></span> <span class='ocrx_word' id='word_1_306' title='bbox 870 3473 887 3534; x_wconf 86' lang='lat' dir='ltr'><strong>i.</strong></span> <span class='ocrx_word' id='word_1_307' title='bbox 910 3477 946 3547; x_wconf 94' lang='lat'>1,</span> <span class='ocrx_word' id='word_1_308' title='bbox 968 3475 1025 3546; x_wconf 87' lang='lat'>30;</span> <span class='ocrx_word' id='word_1_309' title='bbox 1055 3473 1107 3532; x_wconf 88' lang='lat' dir='ltr'>sed</span> <span class='ocrx_word' id='word_1_310' title='bbox 1131 3463 1259 3552; x_wconf 73' lang='grc' dir='ltr'><strong><em>ὁμοθά-</em></strong></span> 
     </span>
     <span class='ocr_line' id='line_1_30' title="bbox 152 3568 1258 3660; baseline 0.002 -24"><span class='ocrx_word' id='word_1_311' title='bbox 152 3573 253 3655; x_wconf 90' lang='grc' dir='ltr'><strong><em>λαμος</em></strong></span> <span class='ocrx_word' id='word_1_312' title='bbox 274 3596 302 3658; x_wconf 91' lang='grc' dir='ltr'><strong>Ρ.</strong></span> <span class='ocrx_word' id='word_1_313' title='bbox 325 3582 381 3657; x_wconf 91' lang='grc'>11,</span> <span class='ocrx_word' id='word_1_314' title='bbox 404 3582 422 3639; x_wconf 94' lang='grc'><strong>2</strong></span> <span class='ocrx_word' id='word_1_315' title='bbox 445 3597 514 3639; x_wconf 93' lang='lat' dir='ltr'>oum</span> <span class='ocrx_word' id='word_1_316' title='bbox 535 3598 606 3657; x_wconf 77' lang='lat' dir='ltr'>gen.</span> <span class='ocrx_word' id='word_1_317' title='bbox 637 3568 775 3660; x_wconf 79' lang='grc' dir='ltr'><strong><em>ὀμοκλῆς</em></strong></span> <span class='ocrx_word' id='word_1_318' title='bbox 795 3597 864 3637; x_wconf 92' lang='lat' dir='ltr'>oum</span> <span class='ocrx_word' id='word_1_319' title='bbox 881 3576 940 3637; x_wconf 87' lang='lat' dir='ltr'>dat.</span> <span class='ocrx_word' id='word_1_320' title='bbox 961 3577 1048 3655; x_wconf 83' lang='lat' dir='ltr'>frgm.</span> <span class='ocrx_word' id='word_1_321' title='bbox 1069 3579 1123 3652; x_wconf 91' lang='grc'><strong>70,</strong></span> <span class='ocrx_word' id='word_1_322' title='bbox 1146 3578 1180 3650; x_wconf 72' lang='grc'><strong>5,</strong></span> <span class='ocrx_word' id='word_1_323' title='bbox 1203 3577 1258 3638; x_wconf 88' lang='lat' dir='ltr'>sed</span> 
     </span>
     <span class='ocr_line' id='line_1_31' title="bbox 152 3673 1259 3761; baseline 0.001 -20"><span class='ocrx_word' id='word_1_324' title='bbox 152 3700 219 3741; x_wconf 90' lang='lat' dir='ltr'>eum</span> <span class='ocrx_word' id='word_1_325' title='bbox 241 3700 310 3760; x_wconf 86' lang='lat' dir='ltr'>gen.</span> <span class='ocrx_word' id='word_1_326' title='bbox 348 3673 511 3761; x_wconf 79' lang='grc' dir='ltr'><strong><em>ὁμώνυμος</em></strong></span> <span class='ocrx_word' id='word_1_327' title='bbox 533 3682 619 3760; x_wconf 82' lang='lat' dir='ltr'>frgna</span> <span class='ocrx_word' id='word_1_328' title='bbox 642 3683 691 3741; x_wconf 88' lang='lat'><strong>85.</strong></span> <span class='ocrx_word' id='word_1_329' title='bbox 730 3674 899 3758; x_wconf 80' lang='grc' dir='ltr'><strong><em>ἐπώνυμος</em></strong></span> <span class='ocrx_word' id='word_1_330' title='bbox 919 3700 947 3761; x_wconf 91' lang='grc' dir='ltr'><strong>Ρ.</strong></span> <span class='ocrx_word' id='word_1_331' title='bbox 970 3686 1005 3755; x_wconf 96' lang='grc'>1,</span> <span class='ocrx_word' id='word_1_332' title='bbox 1028 3682 1077 3741; x_wconf 89' lang='grc'>30.</span> <span class='ocrx_word' id='word_1_333' title='bbox 1106 3680 1125 3740; x_wconf 93' lang='lat' dir='ltr'><strong>i.</strong></span> <span class='ocrx_word' id='word_1_334' title='bbox 1147 3684 1185 3756; x_wconf 95' lang='grc'><strong>5,</strong></span> <span class='ocrx_word' id='word_1_335' title='bbox 1209 3682 1259 3752; x_wconf 85' lang='grc'><strong>53,</strong></span> 
     </span>
    </p>
   </div>
   <div class='ocr_carea' id='block_1_4' title="bbox 153 3773 1260 4285">
    <p class='ocr_par' dir='ltr' id='par_1_5' title="bbox 153 3773 1260 4285">
     <span class='ocr_line' id='line_1_32' title="bbox 153 3773 1259 3870; baseline -0.003 -23"><span class='ocrx_word' id='word_1_336' title='bbox 153 3775 329 3870; x_wconf 82' lang='grc' dir='ltr'><strong><em>ὁμόφοιτος</em></strong></span> <span class='ocrx_word' id='word_1_337' title='bbox 348 3805 377 3844; x_wconf 92' lang='lat' dir='ltr'><strong>n.</strong></span> <span class='ocrx_word' id='word_1_338' title='bbox 394 3788 430 3862; x_wconf 90' lang='lat'>8,</span> <span class='ocrx_word' id='word_1_339' title='bbox 452 3791 500 3848; x_wconf 87' lang='lat'>33.</span> <span class='ocrx_word' id='word_1_340' title='bbox 533 3778 707 3867; x_wconf 76' lang='grc' dir='ltr'><strong><em>ἐπιχώριος</em></strong></span> <span class='ocrx_word' id='word_1_341' title='bbox 729 3803 798 3844; x_wconf 89' lang='lat' dir='ltr'>eum</span> <span class='ocrx_word' id='word_1_342' title='bbox 816 3803 884 3862; x_wconf 82' lang='lat' dir='ltr'>gen.</span> <span class='ocrx_word' id='word_1_343' title='bbox 905 3804 933 3865; x_wconf 88' lang='lat' dir='ltr'><strong>p.</strong></span> <span class='ocrx_word' id='word_1_344' title='bbox 950 3786 987 3860; x_wconf 93' lang='grc'><strong>4,</strong></span> <span class='ocrx_word' id='word_1_345' title='bbox 1011 3786 1060 3844; x_wconf 87' lang='grc'><strong>80.</strong></span> <span class='ocrx_word' id='word_1_346' title='bbox 1089 3773 1174 3867; x_wconf 74' lang='grc' dir='ltr'><strong><em>ἱερός</em></strong></span> <span class='ocrx_word' id='word_1_347' title='bbox 1192 3804 1259 3847; x_wconf 90' lang='lat' dir='ltr'>oum</span> 
     </span>
     <span class='ocr_line' id='line_1_33' title="bbox 154 3877 1260 3974; baseline 0.004 -28"><span class='ocrx_word' id='word_1_348' title='bbox 154 3887 212 3948; x_wconf 88' lang='lat' dir='ltr'>dat.</span> <span class='ocrx_word' id='word_1_349' title='bbox 234 3891 269 3950; x_wconf 89' lang='lat' dir='ltr'>ol</span> <span class='ocrx_word' id='word_1_350' title='bbox 287 3893 322 3967; x_wconf 88' lang='grc'><strong>3,</strong></span> <span class='ocrx_word' id='word_1_351' title='bbox 345 3892 387 3950; x_wconf 90' lang='grc'>30</span> <span class='ocrx_word' id='word_1_352' title='bbox 406 3879 572 3974; x_wconf 75' lang='grc' dir='ltr'><strong><em>Ὀρθωσίᾳ</em></strong></span> <span class='ocrx_word' id='word_1_353' title='bbox 594 3881 733 3973; x_wconf 73' lang='grc' dir='ltr'><strong><em>ἔγραψεν</em></strong></span> <span class='ocrx_word' id='word_1_354' title='bbox 756 3877 833 3967; x_wconf 72' lang='grc' dir='ltr'><strong><em>ἱρόν.</em></strong></span> <span class='ocrx_word' id='word_1_355' title='bbox 870 3878 943 3962; x_wconf 74' lang='grc' dir='ltr'><strong><em>ἴσος</em></strong></span> <span class='ocrx_word' id='word_1_356' title='bbox 961 3888 1071 3969; x_wconf 91' lang='lat' dir='ltr'>ubique</span> <span class='ocrx_word' id='word_1_357' title='bbox 1094 3907 1161 3949; x_wconf 90' lang='lat' dir='ltr'>eum</span> <span class='ocrx_word' id='word_1_358' title='bbox 1182 3889 1260 3962; x_wconf 58' lang='lat' dir='ltr'>dat,</span> 
     </span>
     <span class='ocr_line' id='line_1_34' title="bbox 153 3985 1260 4077; baseline 0.004 -27"><span class='ocrx_word' id='word_1_359' title='bbox 153 3989 228 4051; x_wconf 91' lang='lat' dir='ltr'>item</span> <span class='ocrx_word' id='word_1_360' title='bbox 247 3985 440 4077; x_wconf 87' lang='grc' dir='ltr'><strong><em>πρόςφορος.</em></strong></span> <span class='ocrx_word' id='word_1_361' title='bbox 478 3987 655 4075; x_wconf 78' lang='grc' dir='ltr'><strong><em>ἐναλίγκιος</em></strong></span> <span class='ocrx_word' id='word_1_362' title='bbox 684 4012 752 4054; x_wconf 89' lang='lat' dir='ltr'>oum</span> <span class='ocrx_word' id='word_1_363' title='bbox 782 3992 841 4052; x_wconf 91' lang='lat' dir='ltr'>dat.</span> <span class='ocrx_word' id='word_1_364' title='bbox 869 3991 887 4051; x_wconf 92' lang='lat' dir='ltr'><strong>i.</strong></span> <span class='ocrx_word' id='word_1_365' title='bbox 910 3995 942 4066; x_wconf 94' lang='grc'><strong>7,</strong></span> <span class='ocrx_word' id='word_1_366' title='bbox 973 3995 1029 4065; x_wconf 93' lang='grc'>37;</span> <span class='ocrx_word' id='word_1_367' title='bbox 1062 3991 1185 4053; x_wconf 91' lang='lat' dir='ltr'>dubium</span> <span class='ocrx_word' id='word_1_368' title='bbox 1212 3995 1260 4054; x_wconf 86' lang='lat' dir='ltr'>est</span> 
     </span>
     <span class='ocr_line' id='line_1_35' title="bbox 153 4083 1258 4178; baseline -0.002 -22"><span class='ocrx_word' id='word_1_369' title='bbox 153 4085 257 4170; x_wconf 79' lang='grc' dir='ltr'><strong><em>ἴκελος</em></strong></span> <span class='ocrx_word' id='word_1_370' title='bbox 283 4117 311 4176; x_wconf 90' lang='grc' dir='ltr'><strong>Ρ.</strong></span> <span class='ocrx_word' id='word_1_371' title='bbox 327 4100 363 4173; x_wconf 96' lang='grc'>2,</span> <span class='ocrx_word' id='word_1_372' title='bbox 389 4099 428 4156; x_wconf 95' lang='grc'>77</span> <span class='ocrx_word' id='word_1_373' title='bbox 459 4083 568 4178; x_wconf 79' lang='grc' dir='ltr'><strong><em>ὀργαῖς</em></strong></span> <span class='ocrx_word' id='word_1_374' title='bbox 597 4086 705 4170; x_wconf 79' lang='grc' dir='ltr'><strong><em>ἀτενὲς</em></strong></span> <span class='ocrx_word' id='word_1_375' title='bbox 733 4083 909 4156; x_wconf 79' lang='grc' dir='ltr'><strong><em>ἀλωπέκων</em></strong></span> <span class='ocrx_word' id='word_1_376' title='bbox 930 4087 1048 4174; x_wconf 76' lang='grc' dir='ltr'><strong><em>ἴκελοι,</em></strong></span> <span class='ocrx_word' id='word_1_377' title='bbox 1083 4096 1135 4156; x_wconf 92' lang='lat' dir='ltr'>ubi</span> <span class='ocrx_word' id='word_1_378' title='bbox 1157 4101 1258 4156; x_wconf 89' lang='lat' dir='ltr'>tamen</span> 
     </span>
     <span class='ocr_line' id='line_1_36' title="bbox 153 4187 1260 4285; baseline -0.001 -25"><span class='ocrx_word' id='word_1_379' title='bbox 153 4201 192 4260; x_wconf 86' lang='lat' dir='ltr'>ad</span> <span class='ocrx_word' id='word_1_380' title='bbox 221 4199 355 4260; x_wconf 89' lang='lat' dir='ltr'>dativum</span> <span class='ocrx_word' id='word_1_381' title='bbox 384 4187 494 4285; x_wconf 78' lang='grc' dir='ltr'><strong><em>ὀργαῖς</em></strong></span> <span class='ocrx_word' id='word_1_382' title='bbox 524 4201 555 4261; x_wconf 91' lang='lat' dir='ltr'>id</span> <span class='ocrx_word' id='word_1_383' title='bbox 585 4200 768 4281; x_wconf 86' lang='lat' dir='ltr'>adjectivum</span> <span class='ocrx_word' id='word_1_384' title='bbox 803 4199 916 4260; x_wconf 88' lang='lat' dir='ltr'>referre</span> <span class='ocrx_word' id='word_1_385' title='bbox 950 4199 1058 4260; x_wconf 91' lang='lat' dir='ltr'>malim.</span> <span class='ocrx_word' id='word_1_386' title='bbox 1109 4199 1260 4260; x_wconf 83' lang='lat' dir='ltr'>Nonnulla</span> 
     </span>
    </p>
   </div>
   <div class='ocr_carea' id='block_1_5' title="bbox 152 4302 1260 4476">
    <p class='ocr_par' dir='ltr' id='par_1_6' title="bbox 152 4302 1260 4476">
     <span class='ocr_line' id='line_1_37' title="bbox 152 4302 1260 4386; baseline -0.003 -21"><span class='ocrx_word' id='word_1_387' title='bbox 152 4303 318 4386; x_wconf 80' lang='lat' dir='ltr'>adjectiva,</span> <span class='ocrx_word' id='word_1_388' title='bbox 349 4323 426 4384; x_wconf 87' lang='lat' dir='ltr'>quae</span> <span class='ocrx_word' id='word_1_389' title='bbox 455 4305 487 4366; x_wconf 93' lang='lat' dir='ltr'>in</span> <span class='ocrx_word' id='word_1_390' title='bbox 508 4306 610 4367; x_wconf 83' lang='lat' dir='ltr'>Attico</span> <span class='ocrx_word' id='word_1_391' title='bbox 641 4323 779 4367; x_wconf 87' lang='lat' dir='ltr'>sermone</span> <span class='ocrx_word' id='word_1_392' title='bbox 805 4323 873 4364; x_wconf 89' lang='lat' dir='ltr'>oum</span> <span class='ocrx_word' id='word_1_393' title='bbox 900 4302 999 4364; x_wconf 86' lang='lat' dir='ltr'>dativo</span> <span class='ocrx_word' id='word_1_394' title='bbox 1030 4303 1260 4383; x_wconf 81' lang='lat' dir='ltr'>conjunguntur,</span> 
     </span>
     <span class='ocr_line' id='line_1_38' title="bbox 195 4412 1039 4476; baseline 0.001 -11"><span class='ocrx_word' id='word_1_395' title='bbox 195 4425 349 4476; x_wconf 77' lang='lat' dir='ltr'>Erdmann,</span> <span class='ocrx_word' id='word_1_396' title='bbox 367 4426 405 4466; x_wconf 83' lang='lat' dir='ltr'>De</span> <span class='ocrx_word' id='word_1_397' title='bbox 418 4426 514 4467; x_wconf 75' lang='lat' dir='ltr'>Pindari</span> <span class='ocrx_word' id='word_1_398' title='bbox 530 4436 572 4465; x_wconf 77' lang='lat' dir='ltr'>nan</span> <span class='ocrx_word' id='word_1_399' title='bbox 586 4425 722 4476; x_wconf 75' lang='lat' dir='ltr'>syntaetleo.</span> <span class='ocrx_word' id='word_1_400' title='bbox 1021 4412 1039 4466; x_wconf 87' lang='lat'><strong>3</strong></span> 
     </span>
    </p>
   </div>
   <div class='ocr_carea' id='block_1_6' title="bbox 0 0 1542 4928">
    <p class='ocr_par' dir='ltr' id='par_1_7' title="bbox 0 0 1542 4928">
     <span class='ocr_line' id='line_1_39' title="bbox 0 0 1542 4928; baseline 0 0"><span class='ocrx_word' id='word_1_401' title='bbox 0 0 1542 4928; x_wconf 95' lang='lat' dir='ltr'> </span> 
     </span>
    </p>
   </div>
  </div>
 </body>
</html>
