3066 4928
683 496 707 574 s.
732 499 780 557 10.

410 741 415 751 ,
510 653 571 734 De
601 657 836 758 temporum
864 677 954 734 usu.

262 884 300 946 In
333 889 500 967 temporum
533 907 592 948 usu
622 886 770 947 Pindarus
800 906 861 949 nan
889 887 933 948 ita
960 887 1089 948 multum
1121 907 1139 948 a
1168 887 1290 968 vulgari

174 1008 259 1050 more
282 990 427 1052 abhorret.
1220 1059 1225 1071 ,

266 1098 293 1154 1.
330 1093 523 1156 Praesens
544 1094 756 1154 nonnullorum
776 1095 938 1155 verborum
960 1095 1050 1156 etium
1072 1099 1138 1156 tum
1157 1094 1287 1177 ponitur,

175 1216 274 1280 quum¹
290 1197 366 1257 actio
389 1199 587 1275 memoratur,
608 1197 694 1276 cujus
715 1197 833 1257 initium
856 1198 976 1278 quidem
996 1201 1087 1260 antea
1102 1200 1215 1260 factum
1231 1201 1289 1274 est,

176 1299 303 1362 effectus
333 1301 431 1362 adhuc
459 1302 555 1361 durat.
606 1301 721 1362 Eorum
749 1302 912 1362 verborum
940 1303 1098 1363 notissima
1128 1305 1200 1363 sunt
1228 1298 1289 1364 ἵκω

175 1405 284 1483 (quod,
315 1405 374 1465 atsi
404 1424 421 1464 e
451 1405 584 1485 perfecto
614 1404 723 1465 radicis
750 1396 814 1464 i—
844 1409 959 1481 ortum,
993 1410 1109 1482 tamen,
1143 1406 1222 1487 quod
1249 1405 1288 1466 ad

175 1504 359 1568 Graecarum
382 1509 516 1588 ipsorum
543 1508 756 1569 conscientiam
784 1509 907 1587 attinet,
937 1509 1016 1570 inter
1039 1510 1212 1592 praesentia
1233 1529 1287 1570 nu·

173 1612 350 1672 metandum
376 1613 510 1689 videtur)
541 1631 609 1674 cum
638 1613 810 1693 compositis
839 1614 883 1674 ita
910 1618 1104 1694 usurpatum,
1134 1617 1170 1675 ut
1194 1613 1286 1692 signi-

173 1714 257 1780 ficet:
280 1719 406 1792 οικιζωο,
428 1716 529 1778 adesce
549 1736 578 1777 u.
600 1718 636 1794 5,
662 1718 711 1777 50.
734 1717 771 1777 ol.
792 1719 828 1792 5,
853 1720 878 1777 9.
902 1717 939 1777 ol.
961 1721 1018 1802 11,
1040 1722 1089 1778 91.
1111 1738 1139 1798 p.
1157 1722 1212 1794 11,
1238 1722 1287 1779 32.

173 1839 201 1899 p.
225 1823 261 1895 6,
285 1822 325 1881 43
348 1814 468 1898 τὰμὲν
493 1811 627 1902 παρίκει
652 1840 687 1882 ea
709 1819 828 1901 quictem
843 1825 970 1902 peracta
992 1825 1074 1895 caat3
1104 1823 1135 1880 et
1157 1812 1287 1900 οἴχομαι

173 1925 281 1986 abesse.
304 1943 331 1984 11.
353 1926 410 1999 10,
434 1927 483 1984 78.
507 1943 535 2002 p.
557 1928 593 1999 3,
617 1927 635 1984 3
658 1917 714 1984 τὸν
736 1915 952 2002 ἀποιχόμενον
975 1949 1005 1974 =
1030 1929 1191 1987 maccam.

261 2025 409 2088 Solemnis
431 2031 591 2106 praetcrea
611 2026 637 2086 is
659 2047 733 2088 usus
756 2030 823 2087 erat
840 2027 872 2087 in
893 2029 987 2089 verbo
1008 2030 1116 2089 νικᾶνε
1145 2029 1163 2089 i,
1186 2031 1222 2104 3,
1244 2031 1286 2089 43

173 2123 261 2213 ἀρμα
282 2121 444 2212 καρόξασα
466 2132 570 2208 νικᾶν,
593 2131 672 2208 quad
693 2132 763 2210 post
783 2131 940 2191 victoriam
956 2131 1075 2191 demum
1090 2131 1203 2192 tactum
1218 2150 1287 2191 csse

173 2241 301 2314 apparet
326 2233 407 2312 (daca
428 2254 462 2295 ον
481 2233 585 2316 Sieper
605 2235 677 2310 ιαμ
705 2233 723 2296 i.
746 2236 781 2309 5,
804 2238 821 2294 7
853 2227 1019 2295 Φυλακίδα
1041 2236 1201 2308 νικῶντος.
1241 2233 1287 2295 Si-

173 2337 255 2398 milia
278 2341 348 2398 sunt
368 2337 386 2398 i.
408 2341 442 2413 6,
467 2342 507 2397 22
531 2332 623 2421 φέρει
640 2325 769 2415 Ἰσθμοῖ
790 2329 883 2397 νίκαν
904 2330 1122 2420 campactum
1145 2359 1174 2418 p.
1193 2340 1243 2414 10,
1268 2341 1286 2397 7
1329 2411 1332 2414 ¹

172 2431 297 2520 χεόεται
319 2428 451 2503 ἀέθλων
471 2443 516 2520 (εν
538 2445 578 2503 itt
599 2443 643 2502 im
658 2439 777 2504 Getam
797 2442 895 2502 semer
909 2438 1022 2522 Stepe);
1046 2445 1075 2517 9,
1098 2444 1137 2503 35
1160 2431 1287 2523 γεύεται

172 2533 287 2619 ἀλκᾶς,
322 2545 438 2624 pariter
459 2547 607 2626 usurpata
634 2547 706 2605 suut
731 2544 791 2604 alia
818 2544 927 2605 verba:
957 2545 1033 2622 tt,
1066 2546 1106 2606 25
1135 2532 1193 2606 οάκ
1215 2535 1286 2606 ἔστι

171 2639 283 2726 πόλις,
308 2642 379 2722 aug
402 2637 457 2709 οόκ
475 2635 559 2710 ἀΐεὶ
580 2642 674 2722 κλέος
688 2642 816 2732 Πηλέος
830 2679 864 2698 =
880 2652 1029 2730 acceptam
1049 2650 1136 2712 tabet
1153 2648 1288 2726 famam·

170 2773 200 2833 p.
213 2755 249 2830 4,
273 2755 336 2812 164
359 2738 523 2834 ὀτρύνει
542 2771 582 2831 με
599 2742 723 2828 τεύχειν
741 2746 881 2830 πομπόν
912 2752 950 2811 de
977 2753 1096 2812 oraculo
1114 2753 1178 2831 jam
1197 2755 1288 2813 antea

171 2855 268 2931 edito,
303 2855 358 2914 scd
389 2856 522 2915 nondum
551 2855 700 2935 perfecto,
740 2856 827 2935 cujus
860 2854 988 2915 incitans
1020 2854 1106 2934 quasi
1138 2855 1186 2914 vis
1217 2875 1285 2935 par-

170 2961 313 3020 manebat
335 2959 374 3020 ad
395 2957 426 3018 id
448 2960 585 3039 tempus,
606 2978 663 3038 quo
686 2959 806 3020 locutus
829 2961 877 3019 est
898 2958 1011 3032 Peliam
1032 2958 1050 3018 i
1071 2964 1105 3035 3,
1131 2960 1172 3019 54
1193 2950 1286 3033 Α’ίας

171 3057 334 3146 μομφὰν
361 3054 446 3138 ἔχει
473 3055 651 3123 παίδεσσιν
666 3053 824 3124 Ἑλλάνων
854 3065 966 3145 accepit
987 3066 1192 3145 acceptamque
1211 3065 1288 3124 teact

171 3170 426 3250 vituperationem.
1328 3187 1330 3192 ·

258 3269 329 3332 Non
351 3270 394 3331 ita
413 3269 541 3330 multum
565 3270 652 3330 abest
674 3270 712 3330 ab
734 3270 791 3330 hoc
812 3287 871 3330 usu
899 3269 1089 3349 participium
1115 3269 1286 3349 praesentis

173 3381 313 3436 conatum
336 3373 486 3449 indicans,
516 3375 596 3453 quod
615 3373 710 3434 futuri
730 3373 795 3434 loco
817 3372 950 3454 positum
971 3372 1108 3450 videtur,
1134 3393 1228 3452 quum
1248 3374 1286 3433 de

172 3478 288 3539 actione
317 3479 401 3538 verbi
434 3477 586 3556 cogitetur
618 3497 658 3536 cx
689 3496 724 3539 eo
753 3478 903 3556 tempore,
940 3496 997 3554 quo
1030 3476 1187 3538 consilium
1220 3476 1286 3555 ejus

109 3589 122 3606 ‘¹
172 3581 298 3642 actionis
327 3584 449 3662 captum
471 3583 527 3641 est
574 3578 644 3649 Qua
667 3599 701 3638 rc
723 3580 800 3640 dixit
821 3579 970 3642 Pindarus
1001 3582 1096 3654 ολ7,
1120 3582 1162 3639 14
1191 3572 1286 3640 κατέ-

171 3687 234 3764 βαν
257 3677 391 3763 ὑμνέειν,
422 3685 501 3764 quod
532 3681 699 3744 rectissime
725 3682 818 3744 vertit
845 3682 1011 3745 Dissenus:
1043 3681 1149 3746 laudes
1169 3684 1287 3745 tabem.

172 3788 210 3848 ol.
233 3791 288 3863 14,
313 3791 352 3848 18
376 3775 494 3848 ἀείδων
517 3779 637 3865 έμολον.
658 3806 686 3866 p.
709 3790 744 3864 2,
771 3791 810 3848 63
834 3778 1038 3866 ἀναβάσομαι
1052 3821 1097 3832 -
1116 3780 1285 3849 κελαδέων.

172 3911 201 3952 ιι.
223 3894 260 3967 6,
285 3893 325 3950 57
346 3882 478 3970 ἀχχελος
496 3890 558 3970 βάν
585 3925 615 3932 -
646 3883 811 3973 γαρύων,
840 3889 955 3965 0114,
977 3895 1016 3951 21
1040 3884 1139 3969 δόμον
1160 3889 1287 3971 Περσε-

172 3985 274 4078 φόνας
291 3988 371 4055 ἐλθὲ
394 4029 436 4038 -
466 3985 628 4076 φέροισ’
650 3984 808 4075 ἀγγελίαν,
838 4013 868 4073 p.
888 3996 924 4070 4,
949 3996 1011 4054 106
1035 3984 1152 4072 ἱκόμαν
1175 3984 1286 4055 οἴκαδε

171 4086 365 4180 -ἀρχαίαν
386 4088 565 4175 κομίζων
583 4086 680 4175 τιμάν
702 4097 774 4170 (mir
793 4094 901 4158 totana
918 4095 966 4158 die
984 4096 1043 4158 alte
1057 4097 1160 4176 Ελνο).
1187 4097 1223 4158 ολ
1237 4098 1287 4172 13,

174 4203 214 4262 55
238 4193 395 4284 ἐδόκησαν
417 4193 470 4261 ἔνι’
490 4191 657 4283 ἀμφότερα
679 4197 782 4277 μαχᾶν
807 4189 935 4278 τάμνειν
955 4191 1063 4278 τέλος,
1090 4193 1142 4260 τοὶ
1164 4193 1224 4278 μὲν
1244 4232 1286 4241 --

167 4296 298 4366 Ἑλέναν
321 4294 582 4382 κομίζοντες,
607 4293 639 4363 oi
661 4298 689 4364 δ’
711 4293 779 4364 ἀπὸ
797 4292 1108 4385 ποίμνιανείὶνχοντες.
1143 4322 1173 4383 p.
1198 4306 1227 4378 1,
1243 4303 1284 4364 52
