3066 4928
1220 275 1260 332 21

24 443 55 507 11·
159 464 301 544 'equibus
321 483 388 525 cum
403 462 545 543 genetivo
567 462 725 544 conjuncta
745 460 847 522 inveni
867 461 948 541 apud
966 459 1143 523 Pindarum:
1168 452 1265 523 δ’πι-

159 570 233 630 θεν
252 567 370 643 πνοιᾶς
392 569 429 629 01.
451 571 486 644 3,
508 571 547 629 31
563 567 787 646 (Mommsenus
809 565 954 643 πνοιαῖς,
977 583 1053 646 quae
1074 585 1134 626 non
1157 565 1265 627 tolera-

157 672 226 734 bilis
241 672 362 734 videtur
377 674 548 752 structura).
578 672 615 733 01.
632 676 664 747 6,
688 675 735 732 63.
760 669 847 750 frgm.
860 673 931 730 261.
943 705 985 714 -
1000 691 1027 750 p.
1044 672 1080 746 4,
1102 673 1172 730 191.
1199 668 1217 730 i
1236 673 1264 745 3,
1287 673 1289 678 ’

45 769 48 778 ’
161 780 211 838 79.
231 777 316 856 frgm.
333 780 395 837 227
419 769 610 860 ύπερθεν.
631 795 659 856 p.
678 778 711 852 9,
732 779 770 836 31
794 764 1074 858 καθύπερθεν.
1098 773 1185 852 frgm
1203 776 1265 834 227

22 869 46 926 71³
159 876 317 965 νέρθεν,
336 873 577 964 ἐφύπερθεν.
600 881 676 956 01.3,
692 883 731 940 12
747 870 967 962 ὑψόθεν-
979 870 1089 940 ἔνδον
1105 871 1266 962 φαρέτρας

21 965 39 1046 γἰ
159 986 250 1060 012,
271 988 319 1045 84.
352 979 523 1058 θαλάσσας
546 984 636 1060 017,
659 987 707 1044 62.
734 973 895 1062 Ὀλύμπου
916 1003 944 1062 p.
962 986 1016 1061 11,
1040 985 1097 1061 64,
1119 981 1199 1062 quod
1219 1000 1266 1044 ra-

159 1089 313 1150 rissimum
333 1092 380 1150 est
401 1088 480 1170 apud
503 1088 577 1149 alios
593 1089 672 1167 (eum
687 1088 746 1148 dat.
762 1107 790 1148 n.
812 1091 845 1163 3,
868 1090 917 1147 52.
938 1107 966 1147 n.
984 1092 1019 1162 7,
1041 1088 1103 1166 44).
1148 1085 1265 1157 Quibus

20 1205 40 1255 4
160 1193 362 1254 adnumerabo
384 1193 473 1253 etiam
494 1183 596 1253 ύίντα
619 1193 743 1254 σκοποῦ
767 1211 794 1251 n.
819 1195 852 1269 6,
876 1194 925 1253 30.
960 1179 1077 1252 ἀντία
1098 1191 1134 1251 01.
1158 1195 1192 1269 1,
1216 1192 1266 1254 56.

21 1291 44 1347 ’4
161 1298 271 1373 0113,
294 1299 342 1360 55.
375 1288 556 1376 ἔμπαλιν
573 1288 702 1378 γνώμας
723 1316 750 1377 p.
768 1300 824 1371 12,
845 1290 894 1356 32.
922 1290 1059 1379 τέρψιος
1079 1295 1189 1373 0112,
1214 1300 1265 1360 11.

30 1416 42 1453 ε·
162 1436 204 1448 -
228 1403 263 1463 01.
289 1408 345 1478 11,
369 1405 408 1462 87
430 1397 532 1462 ἵκοντι
555 1394 599 1461 τδ
621 1394 744 1461 πάλιν
765 1392 915 1474 νεότατος
940 1399 1143 1462 adversariam
1157 1403 1265 1484 juven-

159 1510 234 1572 tutis
252 1510 384 1590 partem,
415 1504 482 1567 ie.
509 1507 683 1565 senectutem
709 1507 855 1586 ingranam
887 1507 932 1581 et,
956 1523 1032 1584 quae
1050 1504 1114 1583 jam
1136 1505 1174 1566 ad
1197 1523 1265 1586 par-

17 1622 35 1664 u
160 1612 279 1672 titivum
308 1609 441 1690 genetivi
470 1627 558 1668 usum
585 1608 736 1688 pertinere
765 1609 922 1683 videntur,
958 1608 1072 1686 0111,
1102 1613 1120 1668 2
1154 1600 1266 1671 πόθι

24 1745 33 1754 .
162 1707 278 1799 φρενός
299 1716 330 1775 et
354 1714 388 1774 01.
409 1717 445 1790 2,
468 1715 509 1772 46
532 1704 634 1772 ὅθεν
657 1707 844 1794 σπέρματος
867 1705 971 1790 dignm
994 1704 1097 1795 ῥίζαν,
1126 1713 1203 1782 unde
1222 1735 1266 1778 ευ

159 1823 266 1895 minin,
294 1818 312 1878 i.
333 1837 364 1886 e.
387 1838 403 1878 e
425 1837 480 1898 quo
513 1818 622 1878 semine
650 1815 781 1878 radicem
808 1817 914 1879 habent
943 1817 1120 1894 (seeundum
1140 1817 1265 1879 Momm-

160 1942 290 2000 senum,.
312 1921 388 1982 Mus.
411 1919 507 1981 Rhen.
530 1919 592 1995 IV,
622 1922 705 1996 549).
731 1956 765 1966 -
800 1919 909 1982 Confer
933 1910 1114 2004 ἀρχᾶθεν
1144 1913 1265 2006 φύτλας

160 2029 196 2090 01.
220 2031 255 2104 9,
277 2027 327 2088 55.

239 2141 393 2224 ’Ἐκατῃ
424 2164 499 2227 quae
527 2164 588 2207 vox
616 2145 697 2226 apud
726 2144 887 2207 Pindarum
917 2165 1040 2227 prorsus
1072 2145 1206 2207 adverbii
1233 2146 1265 2208 in

161 2251 284 2312 modum
315 2255 459 2332 usurpata
494 2251 557 2326 est,
596 2269 656 2311 non
691 2249 800 2327 solum,
838 2252 872 2310 ut
903 2249 933 2310 in
956 2247 1096 2330 Odyssea
1125 2253 1156 2314 et
1184 2251 1265 2332 apud

161 2353 343 2431 Hesiodum,
377 2356 568 2435 conjungitur
597 2373 665 2414 eum
687 2353 828 2433 genetivo
854 2353 997 2416 indicanti
1022 2354 1145 2434 deum,
1180 2356 1265 2436 cujus

160 2461 315 2520 voluntate
344 2462 375 2520 et
403 2461 524 2520 numine
554 2457 665 2538 aliquid
691 2457 741 2535 fit,
773 2458 938 2520 sedetiam
966 2478 1033 2519 eum
1061 2459 1186 2520 aliorum
1213 2480 1265 2521 no-

160 2564 273 2624 minum
295 2564 458 2644 genetiuis:
489 2585 516 2646 p.
534 2567 589 2642 10,
614 2565 654 2624 58
685 2555 775 2624 ἕκατι
796 2556 968 2646 στεφάνων.
1006 2584 1032 2624 n.
1052 2567 1086 2643 8,
1101 2566 1151 2624 '47
1174 2557 1266 2626 ἕκατι

161 2664 279 2729 ποδῶν.

250 2825 277 2881 7.
313 2819 512 2901 Objeetivi
542 2823 592 2904 qui
613 2823 722 2884 dieitur
752 2823 885 2903 genetivi
912 2824 1052 2904 exempla
1073 2822 1266 2885 memoranda

162 2923 304 2984 nonnulla
326 2925 474 2986 videntur.
600 2934 602 2938 '

253 3043 350 3125 Saepe
375 3065 424 3107 res
447 3066 525 3126 quae
547 3050 706 3109 arcetur
729 3049 839 3127 altera,
870 3070 925 3132 per
945 3051 1119 3131 genetivum
1141 3068 1209 3111 aum
1228 3066 1265 3110 ea

162 3150 369 3231 eonjungitur:
406 3171 433 3212 n.
461 3155 493 3229 7,
525 3155 564 3213 96
596 3143 727 3214 δύναται
756 3149 792 3216 δὲ
822 3155 987 3238 βροτοῖσιν
1014 3147 1112 3216 ἀλκὰν
1139 3140 1265 3233 ἄμαχα-

160 3259 231 3318 νιᾶν
260 3253 422 3335 δυςβατῶν
451 3250 562 3335 δόμεν,
595 3257 646 3319 ubi
673 3249 751 3320 διλκδ
781 3260 830 3319 est
853 3258 917 3336 vis,
951 3278 1028 3339 quae
1048 3259 1131 3320 valet
1161 3260 1265 3320 eontra

160 3361 286 3440 aliquid,
316 3363 351 3422 ut
372 3365 507 3423 transeat
535 3363 565 3424 in
587 3363 664 3424 hane
693 3363 955 3443 significationem:
990 3365 1142 3428 σταδίοιο
1163 3370 1266 3428 eontra

160 3465 360 3546 difficultates.

250 3585 392 3648 Similiter
410 3588 535 3649 viatoria
555 3591 708 3671 reportata
730 3589 942 3667 0100000000,
963 3611 1021 3671 quo
1037 3609 1074 3652 ea
1088 3590 1263 3667 celebratur,

162 3692 271 3754 dieitur
297 3712 325 3772 p.
347 3694 380 3767 5,
405 3697 466 3754 106
496 3684 640 3777 λυτήριον
662 3689 820 3755 δαπανᾶν.
858 3694 894 3756 01.
920 3699 953 3771 7,
978 3695 1017 3760 77
1046 3686 1156 3778 λύτρον
1182 3713 1263 3774 συμ-

162 3798 273 3880 φορᾶς.
297 3795 314 3857 i.
333 3801 366 3873 7,
391 3802 407 3857 1
425 3791 535 3881 λύτρον
553 3788 713 3876 καμάτων.
737 3798 783 3876 (ef.
805 3818 833 3859 n.
851 3802 907 3875 10,
931 3803 969 3864 76
991 3793 1081 3874 λύσις
1102 3793 1263 3861 πενθέων.

163 3921 190 3981 p.
206 3902 239 3978 4,
264 3904 303 3962 63
324 3895 423 3963 ποινὰ
447 3899 578 3986 φωνᾶς.)
618 3894 740 3965 ἔλποινα
761 3903 797 3964 01.
811 3908 845 3979 7,
869 3907 916 3964 16.
946 3923 974 3985 p.
991 3908 1023 3982 2,
1048 3908 1096 3965 14.
1117 3924 1145 3964 n.
1163 3907 1190 3981 7,
1216 3907 1263 3964 16.

160 4005 179 4066 i.
201 4008 235 4083 3,
260 4009 287 4066 7.
311 4006 330 4066 i.
348 4010 380 4082 7,
404 4010 432 4067 4.
456 3998 533 4081 δίκας
557 4004 683 4088 πλαγᾶν
704 4027 731 4067 n.
750 4011 785 4083 3,
807 4010 855 4068 18.
878 3998 988 4070 πόνων
1009 3998 1119 4090 ἰατρός
1139 4027 1167 4068 n.
1183 4012 1213 4084 4,
1235 4012 1263 4068 2.

161 4130 189 4190 p.
212 4112 331 4185 4,187
360 4101 530 4195 φάρμακον
552 4102 674 4193 ἀρετᾶς.
714 4111 824 4173 Leonis
847 4112 934 4192 pellis
962 4112 1070 4175 dieitur
1098 4114 1134 4176 01.
1158 4117 1191 4189 9,
1221 4116 1262 4174 98

160 4204 331 4297 φάρμακον
360 4219 486 4299 ψυχρᾶν
516 4203 629 4300 αύρᾶν;
674 4216 709 4275 cf.
739 4237 767 4297 p.
791 4220 826 4294 4,
857 4221 917 4278 221
954 4210 1111 4299 ἀντίτομα
1139 4208 1262 4279 ὀδυνᾶν.

161 4317 197 4378 01.
219 4320 253 4396 8,
276 4321 294 4378 7
316 4319 380 4380 τῶν
401 4313 437 4382 δὲ
455 4314 589 4398 μδχθιον
609 4311 771 4400 ἀμπνοάν.
