3066 4928
1209 263 1250 322 27

236 456 268 532 d)
297 457 501 520 adverbia:
530 446 605 538 diaeo
628 475 656 516 n.
680 459 713 532 7,
737 458 777 516 27
801 473 899 535 saepo.
938 442 1059 536 ἄτερθε
1080 451 1116 512 61.
1143 454 1178 527 9,
1202 454 1250 511 78.

146 551 209 635 ἔξω
225 554 327 624 πλόου
340 582 369 643 p.
382 567 438 639 11,
454 565 505 624 39.
528 561 651 646 φρενῶν
673 560 760 636 617,
783 562 833 620 47.
855 559 873 619 1.
886 561 905 620 5
914 605 923 634 ,
947 561 987 619 68
1004 558 1079 637 (721.
1102 576 1129 637 p.
1145 561 1178 630 1,
1202 557 1251 614 44.

144 663 234 742 frgm.
251 668 329 741 239,
352 671 381 728 2.
406 656 545 750 τηλόθεν
566 684 593 725 n.
610 668 645 741 2,
670 669 718 727 12.
746 661 821 748 τῆλε
842 653 969 747 πάτρας
989 681 1019 743 p.
1036 667 1091 736 11,
1107 664 1157 721 23.
1180 651 1253 720 deso

145 771 180 828 et
202 759 319 831 ἶν’νιαθε
341 789 439 851 saepe.

236 963 392 1026 Postremo
422 965 583 1039 annotabo,
621 965 713 1044 etiam
742 965 868 1026 duorum
897 963 1106 1044 genetivorum
1132 959 1252 1040 conjun-

148 1070 280 1131 ctionem
301 1069 420 1130 minime
441 1069 547 1148 fugere
569 1067 746 1146 Pindarum,
775 1069 860 1130 velut
880 1088 909 1129 n.
931 1073 965 1145 2,
989 1072 1010 1129 4
1031 1061 1087 1128 καί
1107 1057 1153 1128 ὅδ’
1173 1053 1252 1147 ἀνήρ

148 1167 335 1253 καταβολὰν
366 1164 458 1255 ἱερῶν
486 1163 616 1256 ἀγώνων
649 1164 842 1256 νικαφορίας
870 1167 1032 1249 δέδοκται,
1066 1170 1117 1231 ubi
1143 1186 1254 1236 memo-

148 1276 245 1337 randa
272 1279 320 1338 est
342 1278 494 1340 collocatio
518 1277 746 1357 genetivorum,
773 1297 864 1356 quum
885 1279 979 1338 verba
1008 1267 1100 1360 ἱερῶν
1127 1261 1254 1354 ἀγώνων

150 1382 330 1444 antecedant
353 1383 528 1462 genetivum
547 1373 754 1465 νικαφορίας,
778 1382 894 1464 dequo
917 1382 1056 1464 pendent.
1093 1379 1266 1441 maerores

148 1489 251 1548 confer
273 1489 310 1548 ol.
333 1491 367 1563 8,
389 1491 439 1548 81.
460 1487 479 1548 1.
502 1490 536 1564 3,
559 1491 608 1548 38.
632 1507 660 1547 u.
682 1489 718 1562 4,
744 1490 791 1547 71.

667 1854 690 1934 5.
715 1859 742 1915 o.

536 2010 597 2092 De
627 2009 757 2092 dativi
785 2035 874 2093 usu.

241 2223 331 2294 Quod
352 2225 391 2286 ad
413 2225 548 2287 ordinem
570 2227 753 2306 quaestionis
781 2227 890 2288 attinet
916 2226 1060 2306 inhujus
1083 2244 1171 2287 casus
1198 2245 1256 2285 usu

150 2327 306 2388 Pindarico
336 2329 528 2411 exponendo,
559 2336 681 2392 secutus
712 2329 748 2393 G.
774 2330 870 2393 Curtii
898 2331 1069 2410 exemplum
1082 2329 1106 2409 1)
1134 2330 1170 2390 ab
1197 2349 1256 2390 usu

152 2432 246 2494 dativi
261 2434 380 2514 proprio
404 2453 546 2514 separare
566 2437 694 2496 conabor
717 2454 769 2496 eas
792 2435 1016 2515 significationis
1038 2437 1157 2517 partes,
1182 2452 1257 2513 quas

153 2537 324 2618 avestutis
353 2538 412 2599 illis
439 2537 695 2618 indogermanicis
726 2540 859 2617 casibus,
889 2539 1054 2620 deperditis
1080 2540 1142 2620 jam
1168 2539 1199 2598 in
1222 2557 1259 2598 ea

154 2660 230 2722 quae
252 2641 337 2702 nobis
359 2647 499 2724 superest
516 2645 621 2723 lingua
640 2641 773 2723 Graeca,
796 2643 966 2726 suscepisse
988 2644 1110 2704 videtur
1129 2643 1258 2718 dativus,

153 2745 413 2808 instrumentalem
444 2749 509 2809 dico
540 2753 572 2808 61
597 2748 730 2809 localem.
776 2747 923 2818 Quamvis
954 2748 1032 2808 enim
1061 2767 1121 2808 non
1147 2747 1257 2830 ubique

153 2869 277 2929 prorsus
307 2851 453 2930 distingui
488 2853 607 2933 possint
636 2870 690 2912 eae
720 2851 970 2930 significationes,
1008 2851 1126 2912 omnino
1158 2855 1258 2913 temen

154 2973 242 3014 usum
270 2953 364 3015 dativi
386 2950 495 3016 Graeci
521 2956 667 3036 triplicem
698 2974 766 3016 esso
795 2957 936 3035 apparet;
972 2954 1158 3033 significatur
1180 2957 1260 3017 enim

156 3077 190 3118 eo
219 3076 292 3119 casu
322 3061 375 3119 aut
395 3079 523 3139 persona
552 3077 589 3119 ea
617 3061 681 3120 sive
711 3079 777 3136 res,
809 3078 885 3139 quae
915 3059 1061 3120 actionem
1083 3062 1167 3122 verbi
1194 3063 1260 3123 sive

155 3163 216 3224 vim
236 3163 378 3243 adjectivi
400 3164 462 3240 (vel
475 3163 627 3225 interdum
644 3165 736 3225 etiam
756 3163 947 3240 substantivi)
973 3164 1086 3245 excipit
1103 3167 1152 3227 vel
1169 3167 1261 3229 sentit

156 3267 205 3328 vel
226 3267 283 3329 alio
304 3269 392 3329 modo
415 3268 455 3330 ad
473 3287 539 3330 eam
557 3269 703 3350 pertinet;
730 3273 782 3331 aut
801 3269 1051 3345 instrumentum,
1074 3291 1131 3350 quo
1150 3273 1261 3353 aliquid

157 3372 327 3454 perficitur,
349 3375 429 3436 unde
450 3373 539 3434 stiam
562 3391 671 3435 causae
693 3374 820 3436 fluxisse
842 3374 965 3434 videtur
989 3373 1183 3453 significatio;
1208 3382 1262 3439 aut

158 3476 285 3555 denique
303 3478 387 3538 locus
410 3479 475 3539 sive
496 3483 615 3558 tempus
638 3479 755 3558 agendi.
802 3478 905 3549 Quare
929 3479 1093 3540 secundum
1114 3483 1193 3542 hunc
1215 3502 1261 3543 or-

100 3573 103 3582 ’
159 3580 256 3642 dinem
279 3580 372 3641 dativi
394 3601 482 3642 usum
505 3601 661 3663 exponam.

245 3680 276 3748 Ι.
315 3687 342 3744 1.
375 3683 505 3762 Dativus
527 3687 665 3767 proprius
695 3705 970 3767 possessorem
999 3685 1124 3768 alicujus
1147 3691 1191 3751 rei
1217 3691 1261 3752 in-

160 3789 239 3850 dicat
253 3788 429 3868 conjunctus
445 3808 513 3851 curn
527 3792 629 3852 verbis
644 3779 728 3853 εἶναι
746 3794 839 3866 n.10,
856 3793 906 3852 80.
927 3791 946 3851 1.
960 3795 992 3868 3,
1013 3795 1102 3854 9.19.
1134 3789 1263 3857 ἐπεῖναι

161 3913 188 3952 n.
202 3898 230 3970 7,
248 3897 298 3955 22.
329 3884 480 3973 γίνεσθαι
498 3915 527 3955 n.
543 3900 571 3973 6,
589 3898 638 3957 23.
670 3883 866 3957 ἀνακεῖσθαι
888 3895 992 3972 6110,
1017 3900 1050 3970 7;
1075 3904 1107 3960 61
1127 3898 1263 3962 similiter

160 3997 270 4058 dictum
292 4003 340 4059 est
360 4017 389 4059 n.
410 4001 444 4074 6,
467 4001 524 4062 35:
547 3993 763 4062 Βασσίδαισιν
785 3987 832 4062 dv'
856 3990 892 4060 οὐ
915 3992 1071 4077 σπανίζει.

230 4237 255 4300 1)
273 4236 475 4303 Erliiuterungen
493 4256 525 4290 au
541 4242 636 4292 moiner
652 4242 826 4307 griechischen
840 4241 1077 4306 Schulgrammatilr,
1100 4245 1176 4311 Prag.
1190 4253 1264 4303 1863.

161 4339 217 4389 pag.
238 4329 295 4376 rus.
318 4329 374 4374 ιιι.
