3066 4928
281 297 321 374 «υ

278 469 406 560 ἀνέμοις
427 475 521 564 μάχᾳ.
549 499 578 542 n.
597 482 633 554 7,
654 480 695 540 54
718 477 785 563 φυᾷ
800 473 835 541 δέ
851 471 971 553 πάντες
992 471 1195 562 διαφέρομεν.
1225 477 1262 538 ol.
1276 482 1305 552 1,
1322 480 1398 536 112

277 579 373 664 βέλος
394 574 629 668 καρτερώτατον
650 574 740 666 ἀλκᾷ.
779 582 816 644 ol.
841 585 898 659 13,
920 585 961 644 52
990 576 1188 644 πυκνότατον
1208 571 1399 659 παλάμαις.

277 708 356 752 nam.
373 691 409 766 8,
432 691 451 749 8
474 683 557 772 χειρί
580 681 636 748 καὶ
656 685 789 768 βουλαῖς
809 677 947 771 ἀριστος.
991 686 1027 748 ol.
1048 692 1082 761 1,
1105 689 1166 746 116
1197 675 1397 768 πρόφαντον

279 786 390 878 σοφίᾳ.
430 796 469 854 87
494 793 660 877 πτεροῖσιν
681 782 866 871 ἀκάμαντας
891 789 1024 866 ἵππους.
1061 811 1089 851 n.
1113 795 1148 865 1,
1171 794 1211 851 27
1242 779 1396 873 πράσσει

277 892 359 981 έργῳ
378 879 436 976 μέν
460 892 597 974 σθένος,
627 894 776 976 βουλαῖσι
803 890 839 958 δέ
860 887 961 980 φρήν;
997 899 1028 957 et
1053 895 1176 956 liberius
1199 895 1289 962 stiam
1317 913 1396 954 cum

276 1001 451 1083 pronomine
474 1001 710 1063 demonstrativo
734 1000 909 1080 conjunctus
934 1002 982 1060 est
1003 998 1072 1060 talis
1094 998 1215 1059 dativus
1236 997 1273 1060 ol.
1289 1000 1319 1073 4,
1343 999 1395 1056 24

282 1093 375 1180 οὗτος
397 1100 459 1187 έγώ
476 1096 628 1185 ταχύτατι
648 1107 721 1200 tulis
743 1127 795 1188 epo
818 1126 885 1168 αινκ
907 1106 1057 1168 culminis
1075 1125 1149 1168 ικαα.

364 1241 402 1304 In
420 1243 467 1304 his
495 1247 526 1304 et
548 1243 693 1304 similibus
716 1244 863 1325 exemplis
887 1243 1007 1304 dativus
1035 1242 1139 1304 eadem
1168 1239 1392 1319 significatione

278 1347 395 1428 positus
420 1351 469 1408 est
497 1367 587 1427 quam
608 1349 798 1409 accusativus
827 1367 916 1427 quem
938 1347 1041 1407 dicunt
1059 1345 1263 1425 respectivus3
1296 1363 1391 1423 quem

278 1452 446 1533 promiscue
468 1458 647 1533 usurpatum
669 1453 754 1513 vides
777 1473 844 1513 uum
867 1453 969 1514 dativo
985 1488 1025 1496 -
1045 1463 1079 1512 ut
1094 1470 1158 1511 mos
1180 1454 1228 1510 est
1247 1449 1389 1523 Pindaro,

201 1565 204 1572 '
278 1557 309 1616 in
331 1557 454 1638 pan'bus
475 1559 693 1618 sententiarum
713 1558 848 1638 partibus
870 1559 988 1619 variare
1009 1558 1170 1618 verborum
1192 1555 1389 1617 constructio-

279 1680 363 1737 nem,
384 1661 419 1721 cf.
440 1661 465 1740 S.
482 1664 539 1736 14,
562 1666 640 1722 2-
663 1662 698 1723 ol
716 1666 751 1739 2,
776 1664 818 1723 94
832 1654 996 1745 εὐεργέταν
1017 1654 1260 1746 πραπίσι-
1275 1651 1389 1744 ἀφθο-

279 1759 426 1845 νέστερον
446 1759 555 1843 χέρα.
601 1765 618 1826 i.
640 1768 674 1841 3,
698 1769 737 1826 63
768 1756 896 1849 τόλμᾳ
923 1757 1017 1839 εἰκώς
1047 1759 1151 1843 θυμόν
1180 1757 1386 1846 ἐριβρεμετᾶν

278 1866 369 1951 θηρᾷ
393 1862 544 1946 λεόντων,
565 1870 687 1951 μῆτιν
708 1865 736 1929 δ’
756 1858 898 1951 ἀλώπηξ.

366 2004 416 2066 Ita
433 2006 550 2084 positus
572 2007 620 2064 est
641 2005 762 2065 dutinus
785 2005 876 2066 stiam
898 2025 925 2085 p.
943 2009 979 2080 2,
1002 2009 1058 2066 77ε
1081 1998 1218 2082 κέρδει
1239 1999 1276 2066 δέ
1290 2041 1334 2048 -
1354 1998 1390 2067 τί

278 2103 363 2190 μάλα
384 2111 479 2171 τοῦτο
501 2103 650 2190 κεραλέον
671 2103 799 2171 τελέθει
822 2109 899 2192 quod
920 2109 959 2172 ad
982 2111 1101 2172 λαονιιοι
1123 2113 1225 2172 attinet
1238 2145 1279 2153 -
1304 2109 1390 2190 φιαίλ

278 2234 348 2276 οσον
376 2202 458 2275 ἰαυοῖ
482 2216 526 2274 est
554 2216 587 2274 ιἰι
617 2232 652 2275 eu
679 2209 734 2275 re?
755 2249 796 2259 -
826 2215 907 2294 quod
937 2214 1101 2275 tenendum
1129 2213 1251 2274 videtur
1283 2217 1389 2274 contra

279 2316 429 2378 Huschkii
451 2317 651 2396 conjecturam
674 2312 782 2399 κερδοῖ
804 2317 1013 2395 (Friederichs.
1034 2316 1118 2378 Pind.
1134 2314 1218 2378 Stud.
1238 2336 1308 2397 pag.
1325 2319 1386 2393 28).

280 2456 322 2466 -—
347 2421 422 2482 Tres
442 2425 601 2500 praeterea
623 2421 736 2482 similes
760 2421 878 2484 dativus
901 2422 1038 2485 offeram:
1064 2443 1093 2504 p.
1116 2424 1151 2500 5,
1175 2426 1214 2483 62
1238 2413 1326 2505 ἀφρα
1341 2419 1382 2504 μή

279 2517 382 2609 ταμίᾳ
404 2515 555 2608 Κυράνας
579 2513 692 2608 ἀτελὴς
718 2519 843 2606 γένοιτο
869 2518 1150 2606 μαντεύμασιν-
1177 2530 1385 2590 insatietatis.

279 2649 308 2690 n.
330 2634 365 2704 7,
395 2632 435 2689 16
462 2620 591 2712 εὕρηται
619 2619 743 2688 ἀπσινα
767 2623 900 2706 μόχθων
927 2628 1095 2704 κλυταῖς
1122 2618 1305 2707 ἀοιδαῖς,
1336 2630 1388 2691 ubi

280 2732 443 2794 certamina
461 2731 528 2812 ipsa
525 2781 542 2826 ,
565 2735 729 2811 quaesunt
749 2732 886 2793 laborum
905 2732 1068 2806 levamina,
1093 2733 1170 2795 sicut
1188 2733 1390 2794 instrumenta

279 2835 400 2897 levandi
432 2835 619 2914 cogitantur5
657 2853 724 2896 cum
750 2855 808 2915 quo
838 2837 902 2898 loeo
932 2837 1097 2917 comparari
1127 2839 1229 2918 potest
1256 2837 1274 2898 i.
1303 2839 1338 2913 5,
1367 2840 1386 2896 8

280 2932 330 3025 εἴη
370 2935 406 3002 δέ
445 2975 488 2984 -
525 2943 643 3023 σωτῆρι
680 2927 844 3024 Ὀλυμπίῳ
880 2937 1033 3005 σπένδειν
1073 2932 1386 3026 μελιφθόγγοις

280 3033 458 3117 ἀοιδαῖς.

370 3167 420 3226 10.
459 3161 551 3223 Haud
579 3181 648 3224 raro
677 3182 741 3242 res,
779 3185 857 3244 quae
883 3167 1058 3246 conjunctus
1089 3169 1159 3226 sunt
1192 3184 1259 3226 cum
1289 3165 1385 3245 aliqua

281 3269 413 3344 untione,
445 3288 501 3348 per
521 3268 657 3329 dativum
677 3269 937 3330 instrumentalem
964 3273 1179 3331 construuntur
1198 3290 1265 3332 oum
1287 3272 1386 3346 verbo,

281 3373 368 3454 quasi
389 3373 587 3433 instrumenta
616 3372 727 3432 fuerint
755 3373 879 3451 agendi;
908 3375 988 3452 quod
1010 3374 1186 3454 plerumque
1207 3376 1318 3436 fautum
1340 3379 1386 3435 est

281 3478 314 3538 in
333 3475 436 3537 verbis
465 3474 666 3536 movendi:
705 3495 733 3556 p.
753 3478 789 3551 4,
819 3479 859 3536 79
887 3472 975 3537 ἵκετο
1006 3469 1169 3555 αἰχμαῖσιν
1197 3474 1386 3557 διδυμαῖσιν.

280 3602 310 3645 u.
334 3583 390 3658 10,
422 3583 461 3640 69
490 3573 692 3663 ἐφορμαθεὶς
720 3572 829 3642 ἀκοντι
855 3581 938 3664 θοῷ.
977 3601 1006 3661 p.
1030 3586 1085 3656 11,
1116 3585 1155 3642 35
1185 3577 1318 3663 γέροντα
1343 3617 1385 3625 -

282 3675 405 3759 ἐξίκετο
431 3676 488 3765 νέᾳ
515 3678 656 3766 κεφαλᾷ,
693 3683 745 3743 ubi
776 3684 855 3746 haud
886 3683 1058 3745 necessaria
1090 3688 1138 3745 est
1170 3683 1386 3746 Schneidewini

281 3787 424 3848 mutatio:
448 3780 505 3847 νέα
527 3777 663 3870 κεφαλά.
911 3781 913 3786 ’

368 3905 418 3966 Ita
437 3907 698 3987 interpretandum
720 3929 789 3970 esse
813 3909 903 3971 etiam
918 3909 1053 3971 dativum
1073 3911 1123 3992 qui
1141 3913 1255 3991 legitur
1275 3913 1294 3972 i.
1312 3916 1345 3988 6,
1367 3916 1383 3974 7

282 4003 397 4089 ἀλσχον
414 4006 573 4094 μετῆλθεν
590 4001 776 4093 Ἡρακλέους
794 4014 903 4095 γοναῖς
924 4015 1012 4076 donet
1034 4017 1213 4098 comparatio
1235 4017 1311 4078 alius
1331 4017 1384 4078 loci

283 4135 312 4175 n.
330 4119 386 4193 10,
412 4118 467 4190 17,
497 4115 548 4175 ubi
568 4114 606 4174 de
629 4117 735 4178 eadem
756 4139 789 4178 re
812 4118 922 4179 dictum
946 4123 994 4180 est
1015 4115 1145 4205 σιιέρμα
1166 4113 1271 4204 φέρων
1288 4112 1383 4202 Ἡρα-

283 4214 390 4295 κλέος,
412 4239 479 4280 οιιιιι
499 4222 609 4282 semine
628 4220 784 4284 Ηενασλεο.
820 4223 856 4283 ολ.
880 4226 913 4301 9,
941 4227 979 4285 93
1003 4217 1146 4310 διήρχετο
1169 4220 1283 4288 κόκλον
1306 4219 1384 4308 ὅσσᾳ

282 4322 354 4407 βοᾷ.
387 4326 414 4400 7,
435 4327 475 4384 37
497 4315 675 4405 ὑπερμάκει
696 4328 769 4411 βοᾷ.
807 4346 834 4407 p.
851 4329 887 4403 5,
908 4331 950 4388 30
977 4324 1071 4413 γέρας
1094 4320 1260 4414 ἀμφέβαλε
1282 4329 1384 4391 τεαῖσι
