3066 4928
1236 295 1277 354 69

253 467 371 559 Quibus
392 489 467 551 loeis
489 490 651 562 adnumero
674 488 764 548 etiam
784 487 801 547 i.
819 489 853 564 4,
878 488 919 546 45
942 476 1133 562 τετείχισται
1157 479 1193 548 δὲ
1214 475 1277 545 πά-

157 591 218 655 λαι
249 585 370 677 πύργος
397 589 539 680 ὓφηλαῖς
571 582 702 677 ἀρεταῖς
733 582 931 674 ἀναβαίνειν,
969 593 1021 652 ubi
1050 613 1118 653 oum
1145 587 1280 651 Disseno*

158 697 313 776 conjungo
336 691 481 783 ὑψηλαῖς
502 718 571 758 oum
591 697 755 760 infinitivo:
785 701 910 759 uirtutes
933 696 1045 759 ονάκοο
1068 696 1107 759 ud
1126 715 1278 777 οεεεηιιεα-

159 803 252 877 ἆιαας
277 803 312 864 of.
334 796 459 887 ὑψηλαὶ
482 790 597 885 ἀρεταί
617 803 653 863 ol.
676 806 711 879 5,
735 808 762 863 1.
795 795 889 887 ἀκραι
912 802 948 863 ol.
970 806 1026 878 13,
1050 804 1098 863 15.
1132 793 1277 862 αἰπεινοὶ

160 897 253 987 λόγοι
279 924 307 966 n.
331 907 365 981 5,
397 910 447 969 32.
478 897 575 985 ἀλβος
603 897 729 989 ὑψηλός
756 907 793 966 ol.
816 911 849 981 1,
880 909 929 966 22.
971 925 999 966 n.
1021 910 1056 982 8,
1084 907 1126 966 42
1147 895 1277 980 α’ἀξεται

160 1001 261 1091 ἀρετὰ
285 1003 371 1090 πρὸς
392 999 486 1092 ίνγρόν
508 1001 645 1091 αἰ-θέρα;
676 1009 784 1088 quibus
812 1009 842 1069 in
866 1009 1065 1070 locutionibus
1096 1009 1224 1069 eundem
1246 1007 1277 1067 in

161 1112 286 1173 modum
317 1111 438 1172 tertium
461 1112 689 1190 comparationis
718 1113 790 1173 mihi
812 1113 934 1174 videtur
958 1133 1027 1174 esse
1050 1111 1209 1173 difficultas
1231 1128 1277 1170 as-

163 1214 317 1297 sequendi.

253 1319 347 1380 Vides
368 1320 472 1381 multis
492 1320 565 1382 locis
587 1321 750 1384 infinitivos
775 1343 836 1384 non
857 1325 954 1385 nudos
976 1324 1089 1400 solum,
1113 1322 1278 1384 sedetiam

164 1446 233 1516 cum
255 1425 380 1505 objectis
400 1425 525 1505 aliisque
545 1426 843 1489 determinationibus
869 1429 943 1488 satis
975 1429 1127 1489 interdum
1148 1427 1277 1508 copiosis

167 1530 342 1610 conjunctos
363 1531 420 1591 hoo
434 1529 529 1591 ¹modo
553 1531 590 1590 ad
610 1531 760 1612 adjectiva
774 1533 924 1614 applicari.
952 1532 1049 1594 Multo
1064 1533 1162 1612 magis
1175 1533 1277 1591 autem

164 1624 345 1696 infinitivum
367 1635 411 1696 ita
433 1653 501 1695 oum
522 1635 668 1715 adjectivo
690 1638 874 1717 conjungere
899 1656 988 1716 quem
1012 1637 1139 1716 subjecti
1163 1637 1194 1696 in
1217 1656 1278 1696 mo·

166 1741 237 1803 dum
262 1757 411 1819 usurpare
432 1739 532 1819 diligit
554 1739 710 1802 Pindarus.
755 1739 805 1801 Ita
826 1740 904 1800 dixit
927 1740 963 1800 ol.
985 1745 1041 1818 13,
1061 1743 1103 1801 48
1132 1739 1279 1824 νοῆσαι

164 1839 202 1907 δὲ
223 1838 336 1925 καιρὸς
357 1835 503 1925 ἀριστος,
527 1844 579 1904 ubi
593 1843 713 1905 Atticus
737 1845 865 1926 scriptor
884 1845 1026 1906 dixisset:
1051 1835 1181 1929 dipteron
1198 1837 1277 1923 ἐστι,

164 1943 276 2032 καιρὸν
298 1948 420 2033 νοῖγσαι.
467 1947 509 2010 Of.
541 1951 576 2010 oi
600 1953 633 2028 7,
657 1953 697 2011 26
728 1943 778 2012 ὅτι
800 1949 852 2010 νῖν
879 1943 911 2011 ἓν
933 1944 987 2011 καί
1009 1947 1141 2034 τελευτᾷ
1163 1942 1279 2032 φέρτα-

164 2073 221 2114 τον
237 2040 328 2135 ἀνδρί
350 2051 486 2130 τυχεῖν
505 2055 664 2136 optimum,
687 2054 765 2136 quod
780 2055 904 2117 mortali
917 2057 981 2116 οῖιο
997 2057 1164 2138 εοοίῖκηονε
1173 2057 1280 2136 potest.

165 2177 193 2217 n.
212 2161 251 2233 5,
282 2160 322 2218 18
350 2151 388 2218 τὸ
414 2158 506 2237 σιγᾶν
535 2149 693 2232 πολλάκις
713 2159 902 2241 σοφιῦτατον
932 2146 1098 2240 ἀνθράπφ
1119 2160 1279 2240 νοῆσαι.

164 2261 182 2322 i.
207 2265 241 2337 7,
266 2265 305 2322 13
328 2255 366 2322 τὸ
387 2255 423 2322 δὲ
444 2255 510 2343 πρὸ
531 2256 637 2335 ποδὸς
661 2254 768 2344 ἀρειον
790 2249 841 2322 ἀεί
864 2261 1037 2323 σκοπεῖν
1056 2263 1162 2345 χρῆμα
1181 2259 1255 2323 πᾶν.

254 2365 337 2435 Quin
368 2365 459 2425 etiam
488 2365 613 2446 perfecti
640 2365 755 2446 passivi
786 2365 951 2426 infinitivus
981 2366 1098 2426 duobus
1130 2364 1204 2424 locis
1236 2365 1280 2425 ita

167 2491 235 2530 oum
259 2470 416 2550 adjectivis
439 2471 616 2551 conjunctus
637 2475 701 2532 est:
733 2469 770 2531 ol.
794 2474 827 2545 6,
854 2473 913 2530 101
940 2457 1067 2552 ἀγαθαὶ
1091 2463 1127 2530 δέ
1150 2459 1278 2530 πέλοντ’

167 2570 200 2636 ἕν
220 2568 367 2659 χειμερίη
395 2570 483 2636 νυκτί
512 2567 812 2659 ἀπεσκίμφθαι
841 2566 891 2636 δί’
919 2567 1054 2657 ἀγκαραι
1083 2575 1129 2651 (=
1152 2561 1280 2652 ἀγαθόν

167 2674 254 2758 ἔστι,
280 2669 515 2763 ἀπεσκίμφθαι
538 2669 695 2762 ἀγκύρας),
727 2681 745 2740 i.
768 2685 801 2755 3,
822 2684 840 2740 3
867 2671 958 2756 ἀξιος
978 2670 1136 2760 εὐλογίαις
1158 2668 1281 2759 ἀνδρῶν

166 2804 214 2862 με
221 2783 386 2863 μῖχθαι.

255 2889 286 2963 b)
318 2886 434 2949 Eodem
456 2887 543 2948 modo
568 2907 635 2948 oum
659 2888 810 2963 verbis,
842 2906 919 2965 quae
948 2887 1117 2967 subjectum
1140 2885 1281 2946 idoneum

168 3013 237 3053 esse
266 2993 303 3052 ad
332 2993 443 3073 aliquid
474 2993 539 3052 sive
571 2992 719 3053 excellere
750 2993 849 3070 aliqua
878 3011 911 3051 re
939 2991 1086 3068 indicant,
1114 2989 1280 3051 infinitivus
1337 2971 1339 2978 ¹

168 3097 360 3176 conjungitur
367 3123 374 3171 ;
437 3098 525 3176 quale
568 3101 615 3158 est
656 3097 736 3178 apud
778 3095 940 3157 Pindarum
978 3103 1100 3176 praeter
1142 3087 1280 3174 δίναμαι

168 3205 207 3282 (p.
238 3205 272 3277 4,
309 3205 385 3278 158,
420 3205 524 3282 saepo)
568 3188 723 3282 ἀριστεία
766 3200 813 3275 (cf,
847 3199 1040 3260 Homericum
1079 3187 1283 3280 ἀριστεύεσκε

167 3300 359 3384 μάγεσθαι)ε
390 3306 409 3368 i.
432 3308 465 3379 7,
489 3291 529 3364 25
552 3300 688 3384 τοῦμὲν
717 3296 867 3366 ἀντίθεοι
896 3295 1063 3386 ἀρίστευον
1089 3293 1171 3378 υῖέες
1191 3293 1283 3363 υῖέων

168 3397 195 3469 τ’
223 3400 393 3493 ἀρηΐφιλοι
422 3406 541 3483 παῖδες
568 3401 685 3493 ἀνορέᾳ
714 3400 882 3486 χάλκεον
918 3398 1122 3469 στονόεντ)
1154 3393 1283 3490 ἀμφέ-

168 3532 267 3574 πειν
290 3505 448 3592 ὅμαδον.
738 3506 742 3516 ’

257 3615 400 3676 Fortasse
427 3617 485 3696 ipsi
514 3617 625 3696 agendi
646 3618 738 3677 verbo
766 3606 905 3698 πράσσω
938 3617 980 3678 ita
1006 3616 1127 3676 additus
1152 3616 1200 3675 est
1219 3611 1283 3675 infi-

168 3719 299 3797 nitivus,
322 3721 457 3781 indicans
481 3721 511 3781 id
529 3741 627 3800 genus
650 3720 787 3798 actioniS,
810 3720 914 3800 inquo
931 3721 998 3798 quis
1018 3718 1135 3799 perficit
1156 3718 1284 3798 aliquid:

168 3845 197 3886 n.
223 3831 257 3902 1,
283 3828 322 3885 27
353 3815 497 3902 πράσσει
521 3817 603 3908 ἔργῳ
627 3819 685 3904 μέν
707 3819 828 3898 σθένος
852 3821 1004 3905 βουλαῖσι
1031 3817 1067 3885 δὲ
1089 3818 1170 3908 φρὴν
1193 3813 1285 3884 ἒσσό-

168 3949 265 4009 μενον
288 3924 450 4011 προϊδεῖν;
474 3947 654 4009 quamquam
676 3929 785 3991 melius
807 3928 928 3989 videtur
947 3947 1014 3988 oum
1033 3925 1220 3988 Mommseno
1243 3923 1284 3987 ibi

168 4033 348 4094 infinitivum
371 4032 555 4112 conjungere
578 4054 644 4094 oum
667 4033 704 4094 iis
729 4052 806 4113 quae
832 4034 999 4112 sequuntur
1021 4032 1130 4093 verbis.

257 4135 323 4197 Hoc
346 4137 411 4196 loco
434 4139 605 4198 memorabo
629 4138 721 4199 etiam
744 4139 868 4198 verbum
891 4131 1014 4212 έθὲλιο,
1036 4136 1116 4216 quod
1133 4134 1285 4196 interdum

168 4242 212 4302 ita
234 4260 302 4301 oum
322 4240 468 4302 infinitivo
490 4243 682 4323 conjunctum
705 4244 768 4318 est,
790 4245 824 4302 ut
840 4241 994 4302 auxiliaris
1010 4241 1096 4301 verbi
1118 4241 1149 4300 in
1164 4238 1286 4299 modum

172 4345 303 4426 positum
325 4345 479 4421 videatur,
509 4346 587 4406 siout
608 4347 644 4407 ol.
667 4350 703 4424 8,
725 4350 765 4408 85
790 4339 902 4408 ἐθέλοι
922 4335 1019 4424 δόμεν
1042 4373 1076 4394 =
1098 4335 1171 4427 δοίη
1178 4365 1186 4416 ;
1213 4363 1241 4424 p.
1259 4347 1288 4417 1,
