3066 4928
288 261 328 318 18

371 445 462 509 Haud
483 465 551 509 raro
565 467 644 508 Ιτουο
672 446 835 508 seeundum
855 447 943 506 unuin
965 447 1122 527 poetarum
1144 446 1411 526 vulgatissimum

286 552 472 614 econtrario
495 551 595 631 aliqua
614 571 681 627 res,
710 571 786 632 qnae
808 569 876 612 oum
903 551 998 612 altera
1026 555 1216 632 eomparatur
1244 551 1308 611 sive
1343 549 1409 610 eui

285 656 410 716 alterius
437 656 517 717 notio
537 655 693 730 tribuitur,
721 655 851 716 itanum
874 673 910 716 ea
939 654 971 715 in
992 675 1083 716 unam
1105 655 1247 717 coalescit
1275 654 1407 733 signifi-

285 761 447 835 cationem,
473 762 508 820 ut
528 759 670 838 genetivo
693 778 761 818 eum
783 778 820 820 ea
841 759 1055 839 conjungatur,
1084 761 1135 822 nbi
1156 779 1211 821 nos
1236 758 1404 820 interdum

284 865 402 925 nomine
422 863 583 944 oomposito
603 861 723 923 utimur.
768 862 858 933 Quod
880 864 1055 944 pierumque
1074 865 1195 945 quidem
1215 865 1259 925 ita
1274 864 1403 924 fautum
1503 923 1504 954 ἡ

286 973 349 1047 est,
379 970 415 1028 ut
433 968 511 1027 tales
532 984 634 1026 rerum
655 965 799 1042 virtutes,
828 967 995 1048 dequibus
1021 988 1111 1048 quam
1131 969 1261 1030 maxime
1285 967 1402 1046 agitur
1503 955 1504 986 ί

283 1075 316 1134 in
337 1073 428 1133 rebus
449 1071 593 1146 narratis,
622 1070 773 1149 eligantur
795 1073 826 1132 et
848 1072 934 1152 quasi
962 1074 1172 1153 praevalentes
1200 1075 1310 1150 regant
1335 1091 1402 1150 ge·
1503 1137 1504 1162 Ξ

284 1178 421 1238 netivum
448 1175 592 1248 nominis,
628 1173 778 1234 interdum
805 1195 877 1236 vero
902 1211 946 1220 -
971 1179 1007 1239 ut
1034 1177 1065 1238 in
1093 1178 1158 1238 loeo
1191 1177 1268 1237 intra
1295 1175 1400 1236 allato

286 1301 313 1342 n.
337 1285 393 1357 10,
423 1284 463 1340 73
486 1315 523 1324 -
539 1297 541 1308 ¹
557 1298 594 1339 ea
624 1270 775 1341 structura
801 1299 876 1341 usus
897 1279 1044 1342 Pindarus
1073 1282 1164 1342 etiam
1191 1281 1222 1341 in
1245 1281 1399 1360 epithetis

285 1386 473 1461 ornantibus,
502 1401 579 1463 quae
608 1383 762 1460 dieuntrr,
792 1384 865 1444 nihil
891 1385 955 1446 fere
980 1386 1150 1448 valentibus
1178 1386 1218 1447 ad
1243 1404 1294 1446 res
1325 1403 1400 1458 eas,

286 1509 362 1570 qnae
383 1493 447 1550 tum
465 1493 642 1563 nauantur,
665 1487 866 1550 illustrandas.

371 1592 520 1672 Exempla
542 1594 627 1652 sunt:
663 1612 690 1651 n.
713 1595 770 1668 10,
791 1596 831 1654 36
862 1587 895 1654 ἐν
914 1587 1033 1674 άγγέων
1054 1589 1195 1675 έρκεσιν,
1231 1594 1282 1653 ubi
1305 1583 1395 1676 άγγη

284 1697 351 1778 ipsa
367 1697 507 1758 dicuntur
527 1690 617 1780 έρκη,
641 1697 779 1775 quoniam
802 1697 901 1757 oleum
921 1698 1008 1777 quasi
1029 1698 1185 1758 inolndunt
1207 1697 1254 1774 (ef.
1275 1694 1392 1756 Home-

273 1801 380 1862 .rioum
401 1801 475 1861 illud
497 1795 589 1883 έκρος
610 1787 767 1875 ὀδόντων).
794 1821 821 1882 p.
843 1805 900 1877 10,
922 1805 963 1862 46
986 1795 1137 1864 ποικίλον
1158 1795 1238 1883 κάρα
1253 1835 1290 1844 -
1313 1797 1390 1881 ὁρα-

283 1897 403 1968 κόντων
437 1896 574 1990 φόβαισι
600 1936 635 1954 =
664 1906 798 1967 omuibus
827 1909 881 1988 qut
907 1911 992 1970 erunt
1021 1911 1185 1989 συνυφαινέτω
1221 1924 1293 1966 nos:
1330 1908 1389 1966 mit

285 2008 567 2090 Sottunqeohoorea.
603 2080 608 2085 ¹

372 2112 485 2174 Similia
508 2115 593 2174 sunt:
629 2132 657 2173 n
680 2117 738 2188 10,
761 2116 802 2174 42
825 2107 991 2197 Κορίνθου
1020 2109 1052 2175 έν
1073 2113 1193 2194 μυχοῖς.
1231 2134 1259 2194 p.
1284 2117 1320 2189 8,
1344 2116 1386 2174 63

284 2216 449 2291 Πυθῶνος
470 2212 504 2278 ἐν
530 2207 674 2298 γυάλοις,
709 2218 728 2278 i.
749 2238 774 2278 e.
806 2221 838 2280 ι’νι
867 2223 1020 2281 montuoso
1050 2218 1190 2300 Pythone.
1228 2216 1387 2295 (Matthiae

285 2340 409 2400 gramm.
431 2341 475 2400 gr.
498 2321 523 2400 ξ.
542 2321 624 2398 316.)

371 2425 486 2486 Eodem
514 2424 703 2485 referendum
725 2425 846 2486 videtur
872 2428 1093 2488 substantivum
1118 2420 1175 2506 βία
1204 2445 1272 2486 eum
1295 2445 1382 2505 gene-

285 2531 347 2593 tivo
369 2528 496 2590 nominis
520 2528 723 2607 conjunctum,
746 2529 825 2609 quod
845 2530 930 2590 vides
952 2533 1032 2612 apud
1052 2531 1214 2592 Pindarum

370 2631 609 2694 nominativo
632 2632 763 2712 positum
786 2633 821 2693 ol.
847 2638 904 2711 11,
928 2639 968 2697 26
989 2629 1048 2716 βία
1065 2627 1240 2719 Ἡρακλέος
1262 2638 1291 2710 (e
1314 2635 1385 2695 sori·
1435 2717 1437 2722 Ι

284 2740 374 2821 ptura
394 2735 556 2810 Boeekhii).
588 2755 616 2794 n.
639 2737 674 2812 5,
701 2740 740 2795 12
762 2731 820 2817 βία
841 2733 954 2801 Φώκου
975 2734 1140 2823 κρέοντος;

372 2839 596 2904 aoousativo
619 2841 749 2920 positum
770 2841 805 2902 ol.
824 2847 857 2917 1,
881 2845 921 2902 88
944 2837 1012 2906 έίεν
1036 2834 1194 2924 Οἰνομάου
1215 2836 1300 2922 βίαν.
1322 2842 1383 2918 tt,

287 2949 327 3008 54
351 2940 553 3024 ἐκταμὼν
572 2937 744 3022 Μέμνονος
764 2939 848 3024 βίον.
872 2967 900 3028 p.
921 2953 976 3028 11,
1001 2953 1039 3009 61
1062 2941 1233 3030 Κάστορος
1253 2940 1341 3026 βίαν;

371 3068 452 3111 oum
480 3047 779 3129 praepositione
819 3051 1072 3132 conjunctum
1108 3073 1137 3113 11.
1166 3055 1223 3127 10,
1258 3055 1297 3112 73
1333 3036 1382 3110 ἐπ’

285 3147 442 3238 άδελφέου
470 3144 547 3233 βίαν
571 3145 725 3236 χώρησεν,
759 3154 809 3214 ubi
834 3175 958 3237 prorsus
979 3149 1036 3236 βία
1062 3175 1147 3217 suam
1169 3155 1230 3215 vim
1250 3153 1384 3235 perdidit,

285 3261 321 3319 ut
341 3258 380 3318 de
402 3275 532 3339 persona
553 3256 620 3336 ipsa
639 3259 756 3317 tantum
779 3259 829 3336 (de
851 3262 956 3321 eodem
976 3259 1113 3335 Castore,
1137 3259 1188 3339 qui
1207 3261 1382 3319 memoratur

285 3363 317 3423 in
343 3363 447 3423 ultimo
473 3363 538 3422 loeo
567 3380 596 3441 p.
617 3364 674 3437 11,
705 3365 757 3437 61)
790 3363 901 3424 dietum
923 3364 976 3442 sit,
1014 3382 1104 3444 quum
1136 3365 1245 3442 agatur
1277 3363 1317 3423 ibi
1348 3363 1382 3422 de

287 3464 414 3528 Castore
433 3467 590 3526 vulnerato
610 3467 642 3524 et
662 3467 845 3528 moribundo.

373 3570 471 3632 Multo
497 3569 595 3648 magis
625 3588 680 3631 suo
706 3571 783 3650 juris
806 3571 915 3632 mansit
937 3562 1019 3634 άίκά
1044 3557 1069 3631 i.
1086 3576 1121 3646 3,
1148 3572 1204 3632 53:
1236 3562 1306 3632 ἴστε
1324 3565 1381 3650 μάν

287 3667 435 3750 Αἴαντος
454 3661 555 3736 άίκὰν
575 3668 701 3758 φοίνιον
723 3675 879 3738 audivistis
900 3675 936 3737 de
958 3674 1066 3759 Αβαοίο
1087 3677 1207 3750 robore;
1229 3678 1261 3735 et
1282 3675 1381 3736 similia

288 3783 359 3842 sunt
380 3773 500 3853 σθένος
520 3769 660 3863 ἡμιόνων
680 3779 716 3840 ol.
734 3785 766 3859 6,
788 3784 838 3842 22.
862 3773 1036 3862 Ἡρακλέος
1056 3779 1143 3858 frgm.
1155 3781 1191 3855 5,
1212 3783 1238 3840 5.
1270 3775 1380 3854 σθένος

286 3873 396 3947 άελίου
415 3878 587 3962 λεύσσομεν
614 3903 642 3964 p.
663 3886 699 3958 4,
725 3887 795 3945 144.
818 3921 860 3929 -
885 3888 993 3959 n.10,
1022 3888 1062 3945 13
1090 3879 1201 3968 θρέψε
1221 3879 1249 3945 d'
1273 3876 1379 3963 αἰχμάν

286 3981 530 4072 Ἀμφιτρύωνος
546 4018 581 4036 =
602 3986 850 4071 Amphitruonem
870 3989 957 4050 tosto
977 3988 1177 4050 encoetteotem.

371 4091 529 4155 Interdum
556 4091 660 4152 similis
684 4112 752 4153 esse
778 4093 898 4154 videtur
925 4112 999 4152 usus
1021 4091 1245 4155 Pindarioorum
1270 4092 1379 4154 illorum

286 4197 499 4258 vocabulorum
525 4186 625 4280 άκμή,
655 4188 778 4271 άωτος,
813 4198 907 4258 itan.
929 4200 966 4272 4,
994 4201 1033 4257 62
1061 4193 1193 4260 λεόντων
1215 4189 1323 4274 ὄνυχας
1342 4231 1377 4242 -

287 4289 391 4381 άκμάν
417 4321 452 4363 τε
475 4291 664 4363 δεινοτάτων
695 4292 833 4364 ὀδόντων
864 4301 979 4381 poetioe
1008 4302 1120 4364 dietum
1149 4303 1268 4364 videtur
1297 4301 1378 4362 robor
