3066 4928
265 273 306 334 82

356 459 453 522 Verbi
475 447 541 522 old
547 479 569 520 α
584 461 779 544 imperativus
799 461 900 524 tritius
920 460 995 524 locis
1015 459 1059 523 ita
1074 461 1193 542 positus
1207 461 1269 523 est:
1291 462 1328 522 ol
1349 465 1383 541 6,

264 568 283 626 8
311 556 393 627 λ’στω
410 598 454 610 -
473 557 561 626 πόόα
583 554 672 642 ἔχων.
693 584 721 626 ιι.
738 569 767 642 9,
783 569 823 627 45
847 560 961 643 λαχών.
995 565 1015 627 i.
1038 570 1067 642 6,
1090 569 1131 627 27
1154 558 1274 645 αόξων,·
1294 567 1382 647 pari-

262 673 369 748 terque
389 671 554 748 usurputus
577 673 626 730 est
645 668 842 750 imperativus
864 671 950 731 verbi
973 664 1183 750 μέμναμαι
1205 689 1234 730 n.
1256 675 1306 747 11,
1330 672 1380 732 15

261 764 441 851 μεμνάσθω
453 803 495 814 ·—
514 764 742 853 περιστέλλων.
786 768 903 834 Similia
923 776 1010 835 sunt:
1031 773 1050 834 i.
1067 777 1095 848 1,
1112 776 1152 835 68
1175 774 1244 850 (60)
1266 768 1381 856 ψυχὰν

262 869 358 960 Αίδᾳ
375 868 494 936 τελέων
515 860 553 936 οὗ
572 867 782 957 φράζεται

347 997 376 1060 p.
400 980 429 1055 8,
454 983 495 1040 13
525 971 663 1057 μάθεν
684 970 878 1062 ἐξερεθίζων.
923 999 951 1041 ιι
976 984 1004 1056 7,
1028 983 1068 1042 18
1089 970 1234 1060 μέλλοντ’
1256 971 1379 1060 ένεμον

262 1077 400 1163 ἔμαθον.
428 1073 506 1144 ἀΐω
527 1101 555 1163 p.
581 1085 631 1158 12,
654 1085 696 1142 10
717 1073 903 1163 λειβόμενον
925 1085 1052 1168 θρῆνον.
1080 1104 1110 1165 p.
1133 1089 1161 1161 3,
1188 1088 1226 1146 91
1249 1080 1377 1164 μελπο-

261 1188 361 1266 μενᾶν
383 1184 579 1248 Μοισᾶν.--
601 1177 735 1248 ἀκούω
757 1190 790 1248 et
810 1181 912 1250 κλύω
932 1207 1086 1268 nunquam
1109 1189 1190 1270 apud
1210 1187 1377 1250 Pindarum

261 1309 330 1352 cum
352 1289 406 1352 tali
425 1289 581 1372 participio
604 1290 764 1370 conjuncta
784 1290 939 1370 leguntur.

348 1385 566 1474 γιγνώσκω
594 1411 624 1473 p.
647 1395 683 1468 4,
710 1396 752 1453 34
782 1385 1019 1475 ἐπειγομένους.
1063 1416 1092 1476 p.
1117 1399 1152 1472 9,
1186 1399 1226 1456 82
1270 1386 1374 1476 έγνων

257 1486 380 1558 Ἰόλαον
414 1482 472 1556 οόκ
500 1485 786 1574 dilucidandum.
809 1531 847 1542 -
871 1488 979 1580 ὁρόω
1010 1501 1042 1559 et
1063 1486 1177 1560 εἶδον
1209 1498 1247 1559 ol.
1271 1501 1299 1573 7,
1320 1501 1373 1558 62.

263 1604 313 1676 11,
335 1600 406 1660 104
436 1617 464 1679 p.
485 1601 514 1676 2,
537 1599 588 1660 54.
611 1601 734 1673 4,101.
758 1599 788 1674 ὅ,
809 1601 859 1660 84.
884 1603 934 1676 10,
954 1603 1004 1661 26.
1033 1603 1196 1680 (nunquam
1219 1619 1286 1662 oum
1310 1618 1374 1662 aec.

260 1707 293 1766 et
314 1703 386 1781 iul).
408 1737 452 1748 —
477 1693 661 1786 εὑρίσκω
682 1705 746 1764 τῶν
766 1695 814 1782 ι’ὶμ
840 1694 938 1768 πόλιν
967 1699 1009 1766 τὰ
1040 1698 1126 1785 μέσα
1144 1739 1189 1751 -
1203 1696 1374 1770 τεθαλότα

261 1829 290 1890 p.
314 1813 365 1884 11,
389 1809 440 1870 53.

348 1917 375 1989 c)
397 1911 492 1974 verba
513 1909 653 1973 allectum
675 1911 766 1974 animi
788 1910 1003 1991 significantia:

346 2007 475 2099 χαίρω
489 2034 517 2076 n.
525 2018 555 2092 8,
566 2016 608 2077 48
630 2007 699 2090 ἱείς.
722 2009 931 2099 τέρπομαι
947 2015 1148 2096 irgm.242,3
1166 2009 1370 2097 διαστείβων.

260 2109 436 2198 όίχναμαι
457 2111 583 2202 φθόνον
605 2109 819 2199 ἀμειβόμενον
840 2113 882 2179 τὰ
896 2114 977 2180 καλὰ
999 2111 1076 2202 ἔργα
1100 2139 1128 2200 p.
1154 2121 1183 2195 7,
1207 2121 1256 2181 18.
1285 2119 1324 2182 oi.
1342 2141 1371 2201 p.

256 2227 287 2300 4,
310 2221 389 2283 151:
409 2213 448 2284 od
467 2242 509 2303 με
531 2222 658 2284 πονεῖ
680 2216 752 2284 τεὸν
773 2209 863 2284 οἶκον
882 2224 985 2283 ταῦτα
1007 2211 1192 2305 πορσύνοντ’
1212 2214 1303 2303 όγαν.

343 2324 376 2402 d)
395 2325 522 2385 uerbum
544 2323 694 2386 indicandi
719 2324 807 2404 lrgm.
831 2329 882 2402 96,
904 2326 923 2384 5
952 2317 1141 2386 δείκνυσι
1164 2317 1368 2408 ἐφέρποισαν

256 2419 373 2510 κρίσιν.

759 2646 785 2725 ε.
811 2648 861 2707 14.

276 2799 597 2886 Observationes
627 2800 834 2908 quaedam
863 2799 915 2883 de
943 2800 1140 2884 universa
1166 2799 1337 2884 Pindari

711 2931 903 3014 dictione.

343 3147 477 3230 Singulis
492 3151 657 3231 syntaxeos
665 3149 841 3212 Pindaricae
856 3148 992 3230 pertibus
1007 3149 1200 3230 perlustratis
1209 3151 1365 3231 postremo

257 3271 309 3329 ea,
342 3271 420 3334 quae
449 3273 505 3336 per
531 3256 626 3316 totam
652 3254 860 3335 quaestionem
886 3253 1019 3316 maxime
1045 3254 1076 3314 in
1097 3255 1308 3316 construendis
1331 3257 1365 3316 et

255 3357 358 3417 verbis
380 3358 412 3417 et
434 3356 592 3418 sententiis
612 3356 741 3419 Pindaro
762 3357 928 3437 singularia
949 3357 1147 3433 videbantur,
1169 3357 1312 3437 colligere
1331 3365 1365 3420 et

256 3479 325 3521 cum
345 3459 497 3522 nonnullis
518 3477 595 3541 quac
625 3461 664 3521 de
693 3460 837 3522 universa
865 3460 932 3541 ejus
953 3461 1120 3523 elocutione
1141 3481 1210 3522 sese
1232 3460 1366 3523 offerunt

255 3561 564 3626 animadversionibus
586 3579 764 3645 componere
789 3564 926 3624 conabor.

345 3672 372 3726 1.
398 3665 498 3729 Primo
529 3667 556 3728 si
584 3667 718 3729 breviter
746 3667 923 3748 respicimus
949 3663 1102 3745 copiam
1124 3665 1308 3728 locutionum
1331 3670 1364 3729 et

256 3770 528 3847 constructionum,
549 3789 628 3851 quae
649 3773 771 3852 praesto
795 3774 883 3832 eraut
903 3767 1048 3844 Pindaro,
1077 3769 1108 3829 in
1138 3770 1363 3832 sententiis

255 3873 538 3934 construendis
572 3873 810 3955 simplicissimus
845 3873 965 3934 videtur
994 3871 1089 3934 firiseo
1126 3877 1229 3954 poeta,
1262 3892 1362 3954 neque

255 3976 384 4037 multum
394 3975 585 4038 Homericam
607 3978 855 4039 consuetudinem
876 3975 1055 4037 excessisse.
1099 3975 1148 4038 Ita
1171 3976 1267 4038 oratio
1288 3977 1362 4038 obli·

255 4097 315 4160 qua
336 4079 489 4139 interdum
506 4079 720 4142 constructioni
735 4080 855 4142 omuino
868 4099 929 4142 non
948 4080 1083 4160 subjecta
1097 4083 1161 4155 est,
1183 4079 1361 4161 saepissime

255 4181 475 4264 simplicissime
500 4201 555 4263 per
582 4183 776 4246 indicativum
798 4203 866 4244 cum
887 4184 980 4246 verbo
1003 4183 1172 4244 sententiae
1199 4184 1361 4265 primariae

255 4286 448 4366 conjungitur
479 4286 661 4365 (§.11‚2);
692 4306 749 4348 nec
771 4287 871 4348 minus
899 4287 931 4348 in
952 4286 1084 4368 periodis
1109 4287 1361 4350 conditionalibus
