3066 4928
257 209 297 268 64

256 398 290 470 6,
315 398 355 455 67
378 382 438 456 εἶτ’
461 387 499 454 δν
523 386 675 478 κτίσῃ-
690 388 820 458 θέσθαι
840 391 997 459 κέλεσσεν.
1026 417 1054 458 11.
1076 403 1110 472 1,
1134 401 1174 457 67
1197 390 1273 459 ὅταν
1293 391 1377 458 θεοὶ

254 485 429 575 ἅντιάζιοσι
452 535 492 543 -
516 494 748 582 πεφύρσεσθαι
770 494 871 579 κόμαν
894 492 1013 561 ἔνεπεν.

343 607 371 666 3.
407 602 444 662 Iu
467 604 721 665 enuntiationibus
743 603 860 664 finem
881 603 1081 664 indicantibus
1105 604 1185 684 apud
1204 603 1374 664 Pindarum

253 707 364 786 ubique
390 708 453 768 fere
483 711 624 768 servatus
654 710 702 768 est
723 728 789 768 mos
817 709 886 785 ille,
923 711 959 768 ut
987 709 1195 788 conjunctivus
1225 711 1374 788 sequatur

254 831 416 892 praesens,
453 813 636 893 perfectum,
673 813 824 888 futurum,
868 813 1021 892 optativus
1057 813 1265 892 imperfectum
1304 813 1373 872 sive

255 915 414 988 aoristum;
449 918 535 996 cujus
563 917 641 994 legis
669 937 725 997 per
748 917 846 976 omnia
869 915 992 976 Pindari
1014 917 1146 978 carmina
1167 919 1237 996 post
1265 915 1372 976 indi-

189 1040 191 1044 ’
256 1019 424 1078 nativum
460 1039 565 1080 eorum
591 1023 760 1100 temporum
796 1020 909 1081 nullam
940 1021 1148 1100 exceptionem
1176 1020 1279 1080 inveni
1311 1019 1372 1078 nisi

255 1141 346 1182 unam
372 1143 401 1202 p.
422 1125 458 1198 4,
491 1127 529 1184 92
562 1117 618 1184 καὶ
646 1120 710 1203 μὰν
736 1119 852 1186 Τιτυὸν
880 1117 976 1205 βέλος
997 1111 1188 1206 Ἀρτέμιδος
1218 1114 1369 1206 θήρευσε,

256 1219 342 1309 ὄφρα
362 1247 412 1300 τις
433 1229 494 1287 τᾶν
516 1223 549 1289 ἐν
571 1225 695 1310 δυνατῷ
717 1219 900 1312 φιλοτάτων
921 1220 1047 1310 ἔρὰτοιι,
1077 1228 1128 1288 ubi
1150 1219 1237 1310 ὄφρα
1257 1228 1373 1288 indicat

256 1333 400 1390 eventum
422 1335 569 1392 enatura
590 1333 714 1393 actionis
736 1333 919 1413 praeteritae
944 1332 1138 1412 probabiliter
1159 1332 1191 1392 in
1213 1334 1372 1412 posterum

256 1437 486 1496 consecuturum
515 1435 665 1513 (Pranoke
693 1436 732 1496 ad
754 1435 907 1496 Demosth.
932 1437 1045 1516 olynth.
1071 1439 1128 1511 11,
1152 1436 1221 1512 24);
1250 1435 1372 1495 ducitur

258 1539 338 1597 enim
360 1557 377 1597 e
400 1538 546 1616 singulari
565 1541 643 1600 facto
666 1539 853 1619 exemplum,
882 1540 960 1620 quod
984 1559 1087 1600 omnes
1110 1541 1248 1619 posteros
1276 1539 1370 1599 homi-

256 1661 312 1700 nes
335 1643 459 1705 terreat.

341 1744 379 1804 Ι11
401 1747 507 1806 eodem
527 1747 658 1808 carmine
685 1767 713 1826 p.
735 1751 769 1825 4,
793 1751 811 1807 2
833 1736 890 1831 χρή
914 1764 951 1808 σε
970 1733 1047 1829 ττοιρ>
1071 1737 1163 1828 ἀνδρὶ
1186 1737 1272 1830 φίλῳ
1295 1745 1370 1807 στᾶ-

256 1870 328 1928 μεν,
353 1841 439 1932 ὄφρα
456 1885 493 1894 -
512 1841 610 1934 αὔξῃς
630 1851 811 1911 constructio
835 1852 970 1930 sequitur
989 1871 1050 1910 non
1064 1849 1244 1911 infinitivum
1265 1850 1371 1910 aoristi

258 1953 391 2030 στᾶμεν,
413 1954 466 2013 sed
489 1953 685 2014 indicativum
709 1955 879 2035 praesentis
899 1945 965 2039 χρή.

347 2055 446 2116 Semel
464 2057 616 2137 optativus
636 2058 772 2136 sequitur
786 2059 956 2138 praesentis
976 2057 1198 2138 optativum
1217 2059 1290 2137 p.5‚
1307 2060 1367 2114 111

259 2156 384 2221 διδοῖτο
404 2192 448 2204 ·-
474 2155 519 2244 μὴ
549 2153 675 2239 ἀνέμων
702 2156 848 2244 χειμερία
877 2157 1049 2223 κατατενοὰ
1077 2153 1255 2240 δαμαλίζοι.
1298 2157 1372 2234 (Sed

258 2264 482 2342 conjunctivum
502 2265 589 2324 vides
610 2284 639 2327 11.
662 2269 695 2342 8,
717 2269 775 2340 363
797 2267 964 2346 optativum
986 2268 1056 2345 post
1078 2265 1247 2344 optativum
1268 2262 1371 2322 aoristi

258 2387 287 2428 n.
311 2372 344 2443 3,
368 2369 432 2445 62.)

344 2469 382 2529 Iu
408 2471 649 2552 imperativo
675 2474 761 2533 varia
784 2477 832 2534 est
857 2475 1024 2548 structura;
1056 2472 1269 2552 imperativum
1290 2469 1370 2530 enim

257 2574 359 2636 aorist'
383 2576 430 2634 ter
452 2576 588 2654 seqnitur
609 2576 834 2655 conjunctivus:
870 2577 907 2637 ol.
929 2581 963 2652 6,
995 2580 1035 2638 23
1065 2571 1183 2653 ζεῦξον,
1219 2568 1305 2659 ὄφρα
1328 2609 1370 2616 -

256 2676 385 2756 ἵκωμαι.
408 2698 437 2757 p.
459 2683 493 2756 1,
518 2682 555 2738 71
587 2671 740 2758 λίσσομαι
764 2681 893 2756 νεῦσον,
919 2671 1006 2763 ὄφρα
1031 2716 1067 2724 -
1092 2671 1155 2762 ἔχη.
1191 2680 1228 2742 ol.
1250 2682 1305 2754 14,
1328 2681 1368 2738 22

258 2776 353 2859 ἐλθὲ,
377 2773 464 2864 duppe
488 2818 526 2826 —
552 2773 665 2866 εἰἰτῃς;
689 2784 781 2843 semel
805 2783 973 2862 optativus:
996 2803 1025 2863 p.
1043 2786 1078 2858 4,
1104 2784 1165 2842 165
1189 2779 1286 2844 λῦσον
1305 2773 1369 2860 δμ-

256 2881 326 2966 μιν,
350 2879 395 2969 μή
418 2906 450 2945 τι
473 2875 625 2968 νεώτερον
648 2875 806 2970 ἆνοσταίῃ
829 2877 934 2948 κακόν.

340 2987 541 3048 indicativum
573 2989 667 3050 futuri
705 2989 736 3049 in
770 2990 879 3050 talibus
913 2989 1166 3049 enuntiationibus
1200 3010 1269 3050 oum
1301 3009 1369 3050 eon-

252 3091 407 3171 junctione
430 3085 524 3170 ὅντως
545 3093 626 3172 apud
646 3092 808 3153 Pindarum
828 3113 887 3153 non
909 3093 1025 3162 inveni;
1048 3093 1122 3153 alias
1146 3094 1369 3172 conjunctiones

257 3214 324 3255 cum
348 3195 530 3275 conjunctivi
554 3197 658 3256 aoristi
680 3199 818 3277 correpta
840 3198 940 3274 ⁸forma
962 3197 1076 3277 positas
1099 3199 1187 3276 puto:
1218 3189 1306 3281 ὄφρα
1330 3233 1370 3241 -

255 3293 395 3378 βάσομεν
410 3299 446 3358 ol.
465 3302 492 3376 6,
517 3302 566 3360 23.
597 3295 788 3383 κελαδήσετε
803 3321 830 3380 p.
849 3305 897 3376 11,
916 3304 942 3360 9.
965 3297 1018 3360 ἵνα
1034 3292 1211 3383 δωρήσεται
1226 3321 1254 3380 p.
1273 3306 1300 3378 9,
1319 3303 1369 3364 57.

304 3425 305 3428 ¹
342 3401 493 3462 Particula
521 3394 559 3462 bt
588 3403 653 3462 sive
682 3397 736 3462 κέν
767 3403 876 3463 talibus
911 3404 1165 3464 enuntiationibus
1194 3404 1275 3484 apud
1301 3403 1370 3464 Pin·

255 3506 361 3566 darum
384 3525 537 3584 nunquam
559 3506 661 3567 addita
683 3508 743 3581 est,
765 3507 844 3584 qnod
865 3507 1016 3567 interdum
1038 3508 1109 3568 fecit
1123 3507 1275 3568 Homerus
1298 3510 1370 3582 (non

256 3609 335 3670 enim
357 3629 481 3690 prorsus
512 3610 570 3670 huc
592 3609 743 3689 pertinere
765 3610 886 3670 videtur
913 3610 950 3672 ol.
975 3615 1006 3687 7,
1031 3615 1071 3670 42
1105 3603 1240 3672 ἔντειλεν
1265 3600 1370 3694 φυλά-

257 3711 381 3789 ξασθαι
401 3707 510 3795 χρέος,
535 3706 580 3786 ιδς
602 3705 642 3774 δν
666 3749 705 3758 -
729 3706 916 3792 κτίσσαιεν).

344 3821 373 3880 4.
410 3815 447 3876 Iu
471 3815 805 3878 conditionalibus
829 3817 1082 3882 enuntiationibus
1103 3815 1213 3878 Graeci
1235 3818 1271 3879 ab
1293 3818 1368 3878 anti-

256 3918 407 4000 quissimis
431 3921 616 4001 temporibus
639 3922 733 3982 varia·
746 3921 962 3982 sententiarum
985 3921 1234 3982 conectendarum
1254 3940 1369 4000 genere

255 4023 428 4084 acutissime
451 4024 670 4100 distinxerunt;
701 4025 848 4104 equibus
870 4044 940 4085 eum
963 4026 1100 4101 modum,
1135 4024 1187 4102 qui
1210 4023 1366 4104 simplicis·

254 4127 348 4188 simus
370 4127 504 4204 videtur,
527 4128 727 4207 conjungendi
747 4128 838 4206 louge
862 4128 1037 4208 saepissime
1060 4127 1194 4189 adhibuit
1207 4127 1365 4188 Pindarus

253 4230 520 4292 Indicativum
546 4231 624 4291 enim
654 4251 714 4292 non
734 4231 903 4312 praesentis
931 4231 1028 4293 solum
1051 4233 1106 4293 sed
1128 4233 1219 4292 etiam
1240 4231 1368 4292 aliorum
