3066 4928
1273 211 1311 272 91

204 397 292 483 ματὰ
312 394 439 479 πολλάς
471 406 502 464 et
520 403 550 463 in
573 403 726 483 praeclaro
750 403 889 483 exemplo
908 421 936 461 n.
960 404 996 477 8,
1019 403 1058 462 95
1081 389 1258 482 ἐπάμεροι·
1280 392 1314 460 τί

205 503 243 570 δέ
264 528 332 584 τις,
359 501 440 569 τίδ’
463 499 502 568 ot'
523 527 574 580 τις
581 530 592 585 ,·
614 507 709 580 σκιᾶς
728 497 807 589 ίίναρ
826 497 1015 588 ἄνθρωπος.

291 626 398 707 Neque
427 646 495 688 raro
523 626 554 686 id
583 628 694 688 factum
724 629 773 687 est
800 627 831 688 in
860 626 1018 688 sententiis
1048 625 1312 688 conditionalibus:

204 751 233 812 p.
257 735 307 806 12,
332 734 372 791 28
394 722 428 791 εί
443 750 494 804 τις
515 722 612 810 ίίλβος
635 725 667 791 ἕν
687 721 924 813 ἀνθρώποισιν.
960 751 988 811 p.
1013 734 1047 806 9,
1071 733 1119 792 93.
1158 729 1195 792 ol.
1214 733 1269 804 14,
1286 732 1313 789 7.

204 856 233 916 p.
256 839 291 912 3,
317 839 335 894 2
367 826 396 895 εί
420 826 529 914 χρεών.
574 853 604 913 p.
628 837 664 909 3,
684 837 733 895 86.
779 834 898 904 Quibus
928 835 1001 896 locis
1031 854 1098 896 cum
1126 833 1313 894 Mommscno

205 937 363 1015 (Pindaros
394 955 463 1017 pag.
488 937 542 1015 80)
573 937 771 998 adnumerare
799 939 890 999 velim
915 939 1006 1000 ctiam
1035 939 1109 1000 alios
1143 936 1314 1012 nonnulloS,

203 1043 256 1102 ubi
271 1041 460 1123 participium
481 1044 551 1121 post
572 1033 600 1102 ελ
623 1041 756 1121 positum
770 1045 833 1116 cot,
855 1042 966 1103 omisso
987 1033 1058 1104 ἐστί
1072 1036 1167 1123 (quod
1182 1040 1314 1121 positum

204 1149 254 1206 est
275 1165 343 1206 cum
364 1145 520 1227 participio
543 1165 571 1205 n.
595 1149 631 1223 9,
656 1149 705 1206 32.
735 1165 763 1206 n.
784 1150 834 1222 10,
861 1148 928 1221 18);
962 1165 991 1206 n.
1017 1150 1045 1220 7,
1068 1149 1109 1204 11-
1129 1136 1158 1205 εί
1179 1138 1215 1205 δὲ
1235 1137 1314 1227 τύχᾳ

203 1271 254 1324 τις
272 1241 373 1332 ἔρδων
401 1251 432 1310 ει·
457 1253 525 1331 quir
545 1268 612 1310 οαυι
626 1249 783 1324 felicitate
805 1252 869 1331 opit
891 1249 1008 1331 aliquid
1031 1252 1111 1327 (cum
1135 1247 1247 1326 schot).
1270 1281 1312 1291 —-

205 1355 242 1416 ol.
266 1358 295 1429 2,
319 1357 359 1414 62
382 1353 449 1430 (56)
472 1343 501 1414 εί
523 1345 560 1413 δέ
582 1372 632 1413 νιν
653 1343 732 1429 ἔχων
755 1373 820 1429 τις,
844 1341 930 1416 οἶδεν
952 1348 990 1416 τὸ
1011 1346 1138 1433 μέλλον.

292 1490 323 1566 (1)
359 1489 426 1551 Ηοο
453 1490 518 1550 loco
554 1489 725 1551 memorabo
760 1489 851 1551 etiam
878 1489 969 1551 alium
999 1509 1088 1551 usum
1116 1508 1184 1550 cum
1214 1489 1313 1549 brevi-

203 1594 357 1674 loquentia
378 1593 499 1653 Pinderi
521 1593 757 1656 convenientem.
801 1593 1023 1675 Nonnunquam
1046 1593 1125 1653 enim
1146 1613 1240 1654 unum
1262 1612 1313 1654 no-

203 1718 273 1758 men
303 1697 341 1759 ad
370 1699 430 1758 duo
455 1698 550 1758 verba
573 1697 720 1777 pertinet,
757 1717 883 1777 quorum
917 1698 1044 1759 alterurn
1076 1700 1129 1757 aut
1157 1695 1313 1778 participio

203 1801 335 1883 positum
370 1804 423 1861 aut
452 1820 508 1882 per
546 1800 769 1881 conjunctiones
805 1821 871 1862 cum
907 1803 1001 1863 altero
1040 1801 1231 1881 conjunctum
1256 1803 1313 1860 est.

204 1905 293 1976 Quae
315 1906 468 1965 structura
488 1903 584 1966 lenior
606 1906 739 1982 videtur,
771 1905 822 1965 ubi
851 1908 1013 1986 utrumque
1037 1906 1163 1967 verbum
1185 1904 1313 1964 eundem

205 2007 326 2070 asciscit
341 2027 458 2069 cusum:
481 2007 498 2069 i.
513 2014 541 2085 3,
557 2013 599 2069 24
620 1999 748 2083 πάντας
770 1997 967 2093 ἀνθρώπους
990 2004 1158 2070 ἐπαΐσσων
1179 2001 1313 2070 ἐλαύνει.

203 2133 231 2194 p.
257 2117 287 2188 8,
309 2113 350 2173 35
373 2105 484 2189 ίχνέων
507 2106 567 2193 γὰρ
588 2105 850 2196 ματραδελφέους
872 2104 907 2174 οὐ
927 2105 1131 2192 κατελέγχεις,
1161 2131 1190 2191 p.
1206 2112 1255 2187 10,
1273 2113 1314 2170 70

203 2209 291 2300 ὑψοῦ
313 2209 443 2300 φέροντι
460 2208 558 2295 νόμον
586 2212 762 2277 Θεσσαλῶν
784 2207 939 2291 αὔξοντες.
962 2236 991 2297 p.
1001 2219 1029 2292 2,
1044 2217 1087 2275 44
1102 2208 1160 2276 τὸν
1179 2203 1314 2291 ὀνύμαξε

204 2311 368 2403 τράφοισα
390 2313 582 2403 Κένταυρον.
628 2340 658 2400 p.
682 2324 717 2396 2,
750 2322 789 2379 93
817 2313 927 2403 φέρειν
955 2313 1103 2402 ἐλαφρῶς
1124 2310 1315 2394 ἐπαυχένιον

205 2418 344 2504 λαβόντα
368 2413 469 2504 ζυγόν.
502 2423 540 2484 ol.
565 2427 593 2499 2,
616 2427 656 2484 51
679 2422 783 2500 τυχεῖν
806 2416 1005 2505 πειρώμενον
1025 2415 1174 2503 α’χωνίας.
1208 2440 1238 2501 p.
1265 2425 1315 2498 12,

207 2531 248 2586 22
271 2547 322 2589 νιν
344 2514 460 2610 είίροισ’
488 2563 523 2572 -
550 2515 705 2607 ὠνόμασε.
741 2527 758 2587 i.
782 2531 811 2602 7,
833 2529 885 2588 50.

291 2646 443 2708 Audaoior
464 2667 536 2708 vcro
558 2648 681 2709 videtur
697 2648 723 2708 is
746 2667 839 2723 usus,
860 2648 912 2708 ubi
935 2647 1086 2707 diversum
1101 2647 1257 2727 postulant
1279 2665 1316 2707 ea

203 2752 300 2813 verba
328 2741 596 2814 constructionem:
630 2753 667 2813 ol.
692 2756 727 2829 9,
749 2754 791 2814 58
821 2741 969 2834 θυγάτρα
997 2737 1190 2833 ἀναρπάσας
1210 2743 1315 2834 μίχθη

205 2859 258 2931 (sc.
288 2847 386 2940 ἀυτῇ).
434 2877 462 2936 p.
490 2860 524 2932 9,
549 2858 588 2917 51
618 2849 718 2938 ταύτᾳ
746 2845 848 2928 πόσις
876 2849 946 2914 ίκευ
976 2847 1031 2914 καί
1066 2847 1195 2932 μέλλεις
1231 2845 1313 2936 ὑπὲρ

206 2949 326 3020 πόντου
352 2954 473 3021 ἐνεῖκαι
496 2961 548 3037 (sc.
572 2949 692 3042 αὐτήν).

292 3077 319 3138 E
349 3081 497 3142 contrario
525 3097 738 3159 nonnunquam
770 3098 863 3139 unum
888 3079 1015 3139 verbum
1042 3079 1079 3139 ad
1109 3078 1168 3140 duo
1195 3078 1316 3141 nomina

205 3183 289 3244 vario
310 3183 398 3245 modo
418 3183 551 3264 pertinet
570 3184 736 3262 (zeugma):
772 3182 809 3243 ol.
835 3185 863 3259 1,
882 3185 923 3243 37
945 3172 1077 3244 ἐκάλεσε
1096 3177 1153 3243 τὸν
1175 3173 1315 3262 εὐνομώ-

159 3283 162 3286 ’
204 3305 302 3348 τατον
320 3280 354 3360 ἐς
375 3279 488 3369 ἔρανον
503 3279 601 3370 φίλαν
615 3307 650 3348 τε
667 3279 818 3365 Σίπυλον,
843 3286 895 3346 ubi
918 3285 1025 3346 eadem
1047 3287 1200 3348 structura
1222 3287 1315 3348 verbo

206 3383 339 3452 ἐκάλεσε
361 3391 481 3452 additus
504 3393 553 3452 cst
574 3391 658 3452 locus
678 3390 708 3450 in
730 3409 836 3469 quem,
857 3392 889 3450 ct
909 3389 978 3450 finis
993 3389 1031 3450 cd
1053 3409 1141 3469 quem
1157 3391 1199 3451 dii
1217 3410 1315 3452 arces·

205 3497 321 3555 cuntur.
352 3515 381 3574 p.
404 3498 440 3572 8,
464 3499 504 3557 19
540 3487 801 3578 ἐστεφανωμένον
824 3486 909 3577 ποίᾳ
927 3487 1115 3576 Παρνασίδι
1136 3487 1257 3576 Δωρίῳ
1279 3513 1315 3555 τε

204 3591 310 3678 κώμῳ.
351 3598 387 3658 ol.
412 3603 441 3674 1,
464 3602 505 3660 88
530 3593 599 3660 ἕλεν
628 3587 789 3676 Οἰνομάου
810 3589 886 3677 βίαν
909 3590 1079 3678 παρθένον
1099 3616 1134 3658 τε
1156 3590 1315 3660 σύνευνον.

204 3720 233 3781 p.
257 3702 287 3774 4,
311 3701 372 3760 105
397 3693 469 3763 otte
500 3693 591 3784 ἔργον
621 3688 684 3762 οὔτ’
707 3691 792 3773 ἐ’πος
811 3692 1009 3783 είτραπελὸν
1029 3692 1183 3762 κείνοισιν
1206 3692 1314 3762 εἰπών.

204 3822 233 3862 n.
258 3806 308 3879 10,
330 3805 388 3865 25:
410 3795 565 3888 ἐκράτησε
589 3798 725 3889 στρατὸν
748 3839 789 3850 -
810 3797 867 3865 καί
889 3798 1059 3889 στέφανον.

293 3924 322 4001 e)
339 3921 438 4006 Saepe
453 3924 583 4004 denique
594 3928 676 3987 totae
692 3923 914 3985 enuntiationes
934 3923 1017 3984 sine
1036 3924 1317 4004 conjunctione

206 4016 413 4106 (ἄσυνδέτως)
446 4031 651 4108 apponuntur,
681 4029 732 4090 ubi
761 4029 841 4089 facta
863 4029 928 4090 sola
948 4031 1152 4089 memorantur
1174 4048 1192 4090 c
1216 4032 1315 4109 poeta,

205 4147 339 4190 conexus
372 4134 404 4192 ct
435 4131 542 4193 relatio
569 4133 786 4195 sententiarum
821 4134 859 4194 ab
896 4132 1033 4194 auditore
1064 4132 1315 4212 subintelligitur3

204 4253 263 4314 quo
284 4233 418 4315 pertinet
437 4255 510 4317 pars
533 4239 615 4300 certe
637 4239 844 4318 exemplorum
871 4235 1040 4298 aDieseno
1069 4237 1263 4299 collectorum
1283 4237 1315 4305 iu
