3066 4928
240 261 280 320 56

237 443 630 528 *μεταλλάσσοντας
659 443 770 512 ἐλθεῖν
795 445 902 535 ἥρωας
930 444 1092 527 Ποίαντος
1113 445 1196 532 vids,
1226 451 1278 514 ubi
1295 470 1349 530 pro

239 571 274 612 eo
296 553 442 614 vocabulo
464 558 560 615 metro
589 557 772 636 repugnanti
800 555 883 618 varia
911 560 965 618 aut
984 558 1155 637 praesentis
1184 560 1237 618 aut
1256 554 1351 616 futuri

238 659 383 736 temporis
411 657 568 738 participia
595 663 762 739 posuerunt
791 660 848 720 riri
877 661 973 735 docti3
1007 665 1089 722 certe
1115 662 1209 723 futuri
1230 658 1349 741 partici-

238 761 322 842 pium
350 763 555 841 reponendum
586 783 655 824 esse
682 763 783 842 colligi
810 764 916 844 nequit
943 785 960 824 e
984 766 1103 826 scholiis
1136 767 1224 844 (quae
1246 763 1350 823 futuro

239 855 490 948 ἐπιζητήσονιας
511 868 666 944 utuntur),
689 887 780 948 quum
802 868 834 927 in
857 869 893 928 iis
916 869 1059 949 pleraque
1083 887 1187 930 eorum
1208 885 1283 947 quae
1304 868 1352 925 at-

239 967 296 1028 tuli
318 969 542 1048 participiorum
562 971 664 1031 futuro
687 972 837 1052 explicata
858 973 925 1033 sint.
963 968 1057 1056 (Alibi
1079 971 1235 1052 participio
1256 968 1354 1030 futuri

239 1091 314 1132 usus
338 1074 386 1133 est
407 1072 569 1150 Pindarus,
591 1076 626 1134 ut
648 1076 683 1136 ol.
706 1080 742 1151 6,
766 1079 807 1136 20
828 1069 962 1155 ἔρχομαι
985 1111 1010 1120 -
1050 1068 1213 1160 αἰτήσων.)

326 1175 518 1237 Praeclarum
540 1178 669 1259 denique
691 1180 863 1260 exemplum
886 1182 934 1240 est
956 1200 983 1260 p.
1003 1183 1039 1256 4,
1065 1183 1126 1240 170
1155 1171 1269 1258 ὤρνυεν
1292 1168 1353 1237 κοί-
1431 1187 1433 1189 ’

241 1299 338 1364 ρυκας
360 1271 480 1341 ἐόντα
500 1272 604 1343 πλόον
626 1277 781 1366 φαινέμεν
803 1285 922 1360 παντᾶ,
946 1283 998 1343 ubi
1019 1286 1109 1363 poeta
1126 1281 1269 1343 iasonem
1291 1282 1352 1341 for-

240 1385 302 1443 tem
325 1383 529 1464 audacemque
552 1385 651 1446 virum
675 1386 896 1467 expeditionem
919 1407 936 1446 a
959 1407 992 1446 se
1012 1389 1163 1448 decretam
1184 1386 1270 1446 velut
1287 1385 1355 1464 jam

240 1491 432 1567 praesentem
452 1489 694 1568 pronuntiantem
715 1492 786 1551 seeit
805 1492 926 1567 (scholz
949 1485 1004 1551 τόν
1028 1484 1119 1551 ε’όντα
1141 1485 1197 1550 καὶ
1212 1483 1355 1561 δόξαντα

241 1589 365 1669 πλοῦν).
410 1593 541 1653 Vividae
573 1595 652 1654 anim
682 1595 825 1655 orationis
855 1598 918 1670 est,
948 1615 997 1654 res
1020 1595 1137 1655 futuras
1158 1593 1243 1673 quasi
1265 1610 1355 1672 prae-

241 1699 344 1758 sentes
376 1697 483 1758 dicere.
535 1697 584 1776 lta
619 1699 711 1760 etiam
745 1699 776 1760 in
807 1699 955 1760 vaticiniis
984 1696 1134 1778 Apollinis
1166 1699 1198 1758 et
1226 1695 1358 1756 Medeae

241 1819 388 1881 praesens
406 1802 539 1882 positum
560 1804 595 1864 ol.
618 1806 654 1881 8,
678 1806 719 1863 42
741 1797 977 1890 Πέργαμος-
998 1794 1179 1875 δλίσκεταις
1203 1821 1231 1880 p.
1251 1803 1287 1877 4,
1310 1803 1353 1861 49

240 1896 315 1966 τότε
330 1901 391 1988 γὰρ
403 1941 440 1952 -
455 1899 675 1983 ἐξανίστανται
690 1901 953 1987 Λακεδαίμονος;
976 1906 1088 1986 etipse
1103 1908 1193 1986 poeta
1208 1904 1245 1964 de
1261 1906 1357 1965 rebus

240 2007 424 2070 instantibus
452 2012 606 2090 praesenti
633 2014 768 2091 tempore
796 2030 870 2071 usus
899 2013 946 2070 est
974 2029 1002 2069 n.
1022 2012 1058 2084 4,
1084 2012 1127 2068 40
1156 2003 1305 2093 φθονερὰ
1326 2005 1356 2070 δ’

241 2103 338 2186 ἷίλλος
360 2104 434 2197 ἀνὴρ
463 2108 594 2194 βλέπων
615 2107 742 2195 γνώμαν
765 2109 874 2176 κενεὰν
896 2103 1004 2195 σκότῳ
1027 2105 1182 2174 κυλίνδει·
1204 2147 1246 2158 -—
1268 2105 1358 2191 (ἐμοὶ

243 2209 278 2276 δέ
298 2211 441 2294 τελέσει).

216 2348 222 2352 ·
329 2318 393 2380 Res
421 2325 538 2383 antea
568 2325 680 2384 actae
708 2322 794 2382 velut
815 2323 992 2401 praesentes
1015 2322 1177 2380 narrantur
1201 2319 1358 2399 praesenti

243 2424 323 2501 quod
346 2424 449 2486 dicunt
471 2426 629 2503 historico,
656 2427 737 2504 quod
760 2425 907 2486 usitatum
929 2428 979 2485 est
1001 2425 1081 2504 apud
1103 2422 1253 2501 tragicos,
1275 2423 1358 2502 apud

243 2525 410 2588 Homerum
440 2549 500 2590 non
528 2531 697 2602 invenitur;
727 2547 825 2607 neque
856 2529 899 2589 ita
920 2528 1007 2588 facile
1034 2527 1060 2587 is
1083 2547 1157 2588 usus
1179 2526 1359 2587 tribuendus

247 2633 295 2692 est
316 2632 445 2694 Pindaro
469 2653 559 2712 quam
580 2633 651 2694 secit
672 2633 858 2708 Boeckhius,
880 2635 940 2692 not.
963 2652 991 2712 p.
1007 2634 1040 2708 4,
1063 2636 1112 2693 29.
1135 2631 1172 2692 ol.
1190 2636 1224 2708 3,
1249 2633 1299 2692 34.
1315 2667 1362 2674 —

248 2734 327 2796 Nam
354 2758 382 2818 p.
402 2741 437 2814 4,
462 2742 504 2799 30
525 2738 642 2798 codices
669 2737 773 2819 optimi
795 2739 827 2798 et
848 2737 961 2798 scholia
983 2737 1130 2817 praebent
1152 2735 1363 2815 imperfectum

247 2831 375 2920 α’ρχετο,
400 2861 493 2922 quare
514 2841 605 2902 etiam
627 2863 655 2902 v.
669 2847 709 2902 26
734 2837 872 2925 φέρομεν
891 2841 1099 2921 imperfectum
1113 2839 1281 2920 putandum
1297 2842 1363 2914 est;

247 2944 278 3002 in
298 2945 394 3006 altero
414 2965 488 3006 vero
510 2947 575 3006 loco
599 2947 636 3006 ol.
657 2949 691 3021 3,
718 2949 758 3006 34
780 2937 836 3006 καί
859 2967 912 3006 νυν
936 2939 970 3019 ἒς
991 2939 1110 3006 ταύταν
1132 2935 1245 3026 έσρτδν
1268 2939 1364 3017 ἵλαος

248 3034 449 3110 ἀντιθέοισιν
468 3042 504 3110 νί
510 3067 628 3111 σεται
651 3043 708 3110 σδν
731 3084 771 3091 -
794 3041 894 3110 παισί
916 3039 1034 3132 Λήδας
1058 3046 1191 3125 loquitur
1211 3049 1302 3126 poeta
1324 3047 1363 3106 de

250 3153 343 3213 sacris
366 3173 401 3214 eo
422 3153 488 3233 ipso
504 3156 640 3233 tempore
662 3153 836 3226 celebratis,
858 3153 965 3231 quibus
985 3153 1092 3212 adesse
1113 3152 1299 3230 putabantur
1321 3150 1364 3210 dii

251 3258 290 3332 (v.
308 3261 348 3317 32
370 3250 546 3335 δυυμαίνει
564 3257 791 3318 Boeckhianum
812 3259 873 3335 est,
895 3276 955 3316 non
970 3255 1180 3332 Pindaricum).
1192 3289 1235 3298 -
1258 3253 1364 3324 Quare

251 3362 348 3421 restat
375 3363 490 3422 nullum
521 3361 579 3421 nisi
606 3381 700 3421 unum
730 3361 796 3439 ejus
827 3379 901 3419 usus
930 3359 960 3419 in
987 3359 1151 3420 Pindaricis
1180 3358 1363 3419 carminibus

251 3465 423 3545 exemplum
444 3485 472 3545 p.
490 3467 525 3542 5,
547 3469 588 3525 80
609 3458 648 3525 τὸ
670 3461 697 3525 δ’
719 3454 906 3524 ἐλάσιππον
933 3455 1032 3537 ἔθνος
1052 3455 1205 3534 ἐνδυκέως
1226 3458 1245 3522 δ
1252 3455 1364 3522 έκον-

250 3588 320 3629 ται
342 3561 514 3630 θυσίαισιν
536 3560 650 3650 όίνδρες
672 3559 845 3644 οἰχνέοντές
870 3584 933 3654 σφε
954 3558 1153 3649 δωροφόροι,
1186 3566 1237 3625 ubi
1261 3565 1365 3642 singu·
1421 3564 1429 3576 '

249 3673 306 3732 lari
329 3690 401 3732 sane
431 3673 519 3733 modo
547 3672 625 3732 inter
649 3672 776 3732 aoristos
810 3662 920 3750 (μόλον
945 3689 973 3729 r.
993 3672 1042 3734 78.
1071 3662 1167 3750 δίμυμε
1188 3689 1217 3729 v.
1236 3669 1289 3745 81)
1311 3687 1365 3748 po-

251 3777 342 3837 situm
366 3779 414 3836 est
435 3796 582 3856 praesens
603 3778 732 3855 tempus.

217 3896 222 3903 ’
339 3879 441 3941 Semel
462 3880 610 3940 Pindarus
639 3879 787 3941 infinitivo
806 3877 974 3960 praesentis
997 3879 1143 3938 memorat
1163 3878 1291 3952 statum,
1315 3876 1367 3957 qui

251 3985 378 4066 pristino
405 3989 541 4063 tempore
568 3985 724 4045 manebat:
762 3984 798 4044 ol.
822 3988 856 4058 7,
880 3985 920 4043 55
950 3976 1046 4065 φαντί
1068 3974 1159 4043 οίίπω
1180 3974 1234 4042 ὅτε
1251 3976 1366 4056 ἕχδόνα

252 4083 405 4152 δατέοντο
429 4079 511 4162 Ζεός
536 4081 648 4148 τεκαὶ
673 4079 835 4149 ἀθάνατοι
861 4080 1002 4169 φανερὰν
1026 4079 1061 4146 έν
1083 4077 1217 4164 πελάγει
1241 4077 1366 4162 ἔμμεν

253 4186 354 4255 Ρόδον
383 4190 532 4272 (sequitur
552 4191 733 4272 perdoctum:
765 4181 917 4274 ἁλμυροῖς
939 4184 967 4249 δ’
990 4182 1023 4248 έν
1045 4181 1200 4268 βένθεσιν
1218 4179 1366 4269 κεκρό-

253 4298 391 4381 aaut).
1051 4307 1053 4312 ’
