3066 4928
1213 280 1252 337 17

150 460 264 522 factum
290 463 338 523 est
360 462 450 522 etiam
470 462 502 523 in
524 461 645 523 Pinda'ri
672 462 860 524 carminibus.
905 462 1007 532 Quare
1032 463 1181 542 significat
1201 483 1253 542 ge-

150 564 287 625 nativus:

241 674 268 730 1.
295 689 359 730 rem
381 688 457 750 quae
481 670 587 731 estin
609 671 868 751 possessione
891 671 1032 750 alicujus,
1059 675 1094 733 ut
1114 672 1149 733 ol.
1173 676 1207 747 1,
1233 675 1251 732 9

151 772 264 855 σοφῶν
283 765 447 856 μητίεσσι,
474 773 548 847 alia,

240 881 267 937 2.
296 897 360 937 rem
382 895 458 957 quae
485 877 674 955 originem
702 879 785 938 ducit
814 878 986 959 abaliquo,
1017 881 1053 941 ut
1079 879 1253 961 saepissime

150 978 230 1041 filius
253 981 363 1060 patris,
388 981 508 1055 similia;
530 981 582 1042 ubi
605 1001 645 1042 ex
669 983 874 1063 exemplorum
894 983 979 1063 copia
998 984 1168 1044 memorabo
1190 986 1253 1044 tres

151 1085 310 1163 genetivos
339 1084 377 1145 de
400 1085 463 1146 solo
488 1085 612 1146 articulo
641 1087 823 1167 pendentes,
854 1087 964 1148 omisso
986 1068 1072 1161 vic'g:
1106 1091 1189 1163 nb,
1212 1092 1252 1148 13

152 1180 249 1262 ὃτάς
268 1189 357 1250 θεοῦ.
394 1189 430 1250 ol
450 1193 485 1265 2,
517 1193 558 1250 46
586 1184 644 1251 τὸν
663 1181 898 1273 Αἰνησιδάμου.
945 1191 980 1251 ol.
1001 1196 1038 1252 11
1048 1237 1056 1266 ,
1078 1194 1119 1251 70
1147 1190 1254 1269 Σᾶμος

151 1284 336 1374 ὦλιραδίοο.
367 1295 414 1371 (cf.
436 1292 626 1368 Mommsen,
647 1292 726 1354 Mus.
747 1292 843 1354 Rhen.
862 1289 924 1370 IV,
945 1296 1029 1373 548.)
1047 1293 1053 1300 '

241 1400 268 1458 3.
298 1415 452 1458 oausam
476 1397 721 1458 efficientem
743 1398 808 1458 sive
830 1401 983 1460 auctorem
1004 1399 1049 1458 rei
1080 1399 1253 1478 (genetivus

152 1499 364 1579 subjectivus):
388 1503 424 1563 ol.
440 1504 477 1577 5,
496 1505 537 1561 20
558 1492 760 1578 Λαμνιάδων
781 1502 934 1580 γυναικῶν
956 1495 994 1576 ἐξ
1011 1490 1152 1582 ἀτιμίας.
1179 1523 1208 1584 p.
1224 1508 1254 1578 4,

153 1607 203 1666 51.
226 1608 288 1666 260
317 1601 371 1665 σίν
395 1605 473 1688 τιμᾷ
494 1607 584 1667 θεῶν
612 1604 747 1685 beoeJloio
769 1604 891 1668 deorum
922 1606 1007 1683 (erga
1031 1605 1194 1683 homines);
1224 1613 1255 1668 et

152 1708 288 1786 similiter
308 1707 419 1768 dictum
441 1713 488 1770 est
517 1708 553 1770 ol
573 1713 608 1785 2,
633 1712 688 1770 65:
720 1703 811 1790 παρὰ
832 1703 892 1787 μὲν
915 1702 1036 1787 τιμίοις
1056 1710 1145 1770 θεῶν
1175 1711 1255 1792 apud

149 1814 283 1876 hommes
304 1832 322 1874 a
343 1813 589 1876 direbocorctos.
625 1832 653 1893 p.
676 1816 733 1888 12,
757 1816 778 1871 4
801 1799 974 1874 ἀθανάτων
996 1800 1117 1896 ἀνδρῶν
1136 1834 1172 1874 τε
1195 1809 1266 1875 σὺν.

150 1904 285 2000 εὐμενίᾳ.

239 2023 268 2080 4.
295 2022 489 2082 materiem
510 2041 527 2081 e
548 2041 606 2101 qua
628 2021 700 2100 quid
720 2022 888 2101 perfectum
909 2023 974 2096 est,
992 2021 1077 2099 cujus
1099 2041 1173 2081 usus
1193 2040 1254 2081 non

151 2123 195 2183 ita
216 2124 390 2203 pervulgati
410 2126 490 2205 apud
513 2126 586 2186 alios
610 2129 682 2186 sunt
701 2124 840 2205 exempla
861 2123 1018 2184 Pindarioa
1040 2125 1152 2186 omnia:
1181 2145 1209 2205 p.
1225 2129 1255 2198 4,

155 2230 193 2285 71
220 2213 291 2308 ἧλοι
312 2215 501 2306 ἀδάμαντος.
536 2229 610 2304 lv,
634 2232 673 2289 67
704 2220 859 2311 μυρσίνας
881 2223 1046 2310 στέφανος.
1083 2248 1111 2308 p.
1131 2232 1168 2304 4,
1191 2231 1255 2288 240

154 2323 309 2410 στέφανοι
329 2325 438 2406 ττσίας,
467 2351 495 2392 n.
512 2334 545 2410 5,
569 2335 611 2392 54
635 2321 763 2393 ἀνθέων
783 2332 927 2392 ιτοιάντα
948 2323 1190 2414 στεφανώματα.
1218 2332 1254 2392 ol.

152 2437 187 2508 2,
214 2437 253 2493 72
282 2425 409 2515 ἀνδεμα
429 2439 544 2520 χρυσοῦ
567 2429 687 2519 φλέγει.
725 2454 752 2496 v.
775 2438 814 2495 74
838 2425 967 2513 δρμοῖσι
988 2437 1053 2495 τῶν
1080 2435 1133 2512 (sc.
1156 2428 1255 2497 α’νθέ-

149 2538 241 2616 μων).
263 2539 333 2615 11,
356 2543 398 2600 20
419 2541 486 2618 (18)
509 2531 659 2623 φιάλαισι
678 2539 802 2621 χρυσοῦ.
825 2558 853 2618 p.
871 2543 906 2613 1,
930 2541 948 2599 6
972 2534 1117 2619 κεραυνὸν
1139 2526 1255 2600 ἀενάου

150 2637 261 2724 πυρός.
276 2677 313 2686 -
331 2643 459 2718 (deloco
474 2665 502 2726 p.
514 2647 544 2720 4,
560 2648 622 2705 206
638 2635 820 2704 νεόκτιστον
836 2634 940 2703 λίθων
953 2635 1056 2723 θέναρ
1071 2661 1100 2708 v.
1110 2661 1179 2722 pag.
1192 2643 1255 2719 25.)

238 2747 266 2806 5.
305 2750 540 2828 qualitatem
570 2747 681 2808 nomini
712 2747 755 2823 ei,
799 2746 836 2806 de
866 2765 924 2824 quo
951 2746 1064 2824 pendet
1084 2746 1255 2824 genetivus,

151 2848 317 2927 propriam,
357 2854 436 2930 quod
472 2872 540 2913 raro
575 2851 727 2912 invenitur
771 2848 849 2927 apud
885 2847 1061 2909 Pindarum:
1106 2869 1134 2914 n.
1162 2854 1198 2926 8,
1235 2853 1254 2911 3

116 2977 119 2984 ’
152 2938 291 3030 ἀνάγκας
316 2949 407 3037 χερσί
427 2947 597 3035 βαστάζεις
624 2953 760 3015 manebus
781 2954 943 3014 accessorio
966 2954 1177 3029 οοινοικίιδιιε,
1208 2972 1254 3013 se·

152 3053 281 3115 cundum
313 3057 398 3136 eujus
430 3058 560 3139 exempli
591 3059 772 3118 structuram
802 3057 904 3135 legere
934 3055 1036 3116 malim
1067 3078 1095 3139 p.
1121 3062 1159 3133 4,
1192 3061 1255 3119 234

151 3148 265 3241 δήσαις
288 3151 426 3242 ἀνάγκας
446 3154 568 3224 ἔντεσιν
589 3151 739 3238 αάχὲνας,
766 3160 817 3220 ubi
837 3150 977 3240 ἀνάγκας
999 3180 1094 3240 aeque
1117 3161 1207 3249 bonis·
1225 3163 1256 3222 ct

151 3262 329 3324 scholiorum
360 3268 392 3326 et
417 3266 552 3327 codicum
580 3264 737 3347 praesidiis
765 3264 835 3324 mihi
858 3262 971 3325 firmari
998 3264 1133 3342 videtur,
1164 3269 1255 3346 atque

150 3353 274 3451 ἀνάγκᾳ
305 3366 544 3446 (Schneidewin.)
581 3371 645 3430 sive
678 3357 832 3449 ἀνάγκαις
864 3368 1063 3448 (Mommsen.)
1101 3390 1179 3449 quae
1215 3390 1256 3432 ex

151 3457 288 3551 ἀνάγκας
309 3475 419 3535 mutari
439 3475 524 3536 facile
545 3477 685 3555 poterant
706 3493 724 3534 a
745 3472 922 3548 scholiasta,
945 3473 992 3534 cui
1014 3472 1169 3535 offensioni
1190 3477 1256 3534 erat

150 3573 258 3635 locutio
280 3595 352 3637 sane
373 3579 508 3653 insolita;
534 3579 632 3638 minus
653 3577 807 3658 probabile
829 3577 949 3638 videtur
971 3577 1160 3639 contrarium.

237 3677 325 3753 (Cum
346 3684 438 3743 verbo
461 3682 648 3743 substantivo
671 3682 846 3760 conjunctus
875 3685 923 3741 est
948 3681 1017 3742 talis
1041 3681 1201 3760 genetivus
1226 3703 1255 3763 p.

152 3786 186 3856 3,
210 3785 267 3843 6οε
290 3779 362 3857 οἵας
381 3778 469 3864 εἰμὲν
491 3777 602 3863 αἴσας,
627 3785 697 3845 vide
718 3785 816 3864 infra.)

147 3968 229 4030 patris
246 3983 319 4032 quam
330 3971 404 4032 filius
414 3971 511 4030 μανίη
530 3983 607 4033 qnare
625 3966 662 4017 ita
681 3968 833 4034 quaestionis
852 3969 965 4019 ordinem
981 3969 1101 4034 disponit,
1119 3973 1148 4019 ut
1163 3969 1256 4034 ubique

153 4067 167 4100 a
186 4053 301 4115 genetivo
321 4037 383 4104 cum·
394 4054 477 4104 verbis
495 4054 627 4120 conjuncto
646 4054 804 4116 exordiatur3
824 4055 916 4120 quain
934 4071 963 4105 re
982 4071 1038 4105 cum
1055 4071 1084 4106 eo
1104 4055 1186 4105 iacere
1204 4071 1257 4105 non

151 4153 262 4203 possum.
297 4137 377 4190 Immo
391 4156 466 4205 quum
484 4141 516 4190 ab
529 4139 710 4204 antiquissimis
727 4141 883 4204 temporibus
896 4142 1039 4206 genetivum
1058 4157 1130 4206 quam
1149 4142 1257 4192 maxime

151 4239 207 4274 cum
226 4224 391 4276 substantivis
416 4227 576 4294 conjunctum
600 4241 654 4276 esse
677 4230 785 4290 constet,
811 4227 839 4276 in
856 4227 962 4278 Pindari
979 4227 1160 4278 cousuetudine
1178 4242 1255 4289 expo·

150 4309 233 4361 nenda
251 4312 282 4362 ab
301 4311 349 4361 hoc
366 4321 413 4362 usu
430 4311 641 4379 proficiscendum
661 4327 715 4362 esse
732 4314 828 4377 putavi.

199 4416 360 4469 Ilrdmann,
380 4417 416 4458 De
431 4417 526 4458 Pindari
539 4427 581 4456 asa
595 4417 730 4468 syntaetlco.
1064 4406 1081 4462 2
