3066 4928
669 1571 693 1651 ς.
716 1577 744 1633 1.

431 1728 492 1810 Dc
522 1727 743 1833 generibus
772 1726 995 1809 nominum.

237 1951 264 2006 1.
306 1945 570 2008 Substantivorum
605 1947 808 2020 naturale,
851 1945 931 2023 quod
966 1944 1094 2019 dicitnr,
1137 1960 1260 2020 genus

149 2049 306 2128 praevalet
325 2069 399 2129 prae
422 2069 471 2124 eo,
498 2049 578 2128 quod
600 2049 797 2126 grammatica
818 2048 913 2108 forma
933 2047 1083 2127 postulat,
1108 2043 1261 2138 nonnullis

150 2151 238 2227 locis,
262 2151 341 2211 inter
356 2171 431 2231 quos
454 2151 609 2211 lenissima
630 2154 678 2212 est
700 2153 865 2225 structura,
888 2168 977 2229 quam
991 2150 1079 2211 rides
1101 2151 1178 2229 p.4,
1199 2151 1262 2209 134

150 2240 255 2336 ἦλθον
278 2245 384 2312 Πελία
411 2247 566 2334 μέγαρον·
587 2289 631 2296 -
661 2255 728 2314 τῶν
750 2245 778 2314 d
800 2243 953 2326 ἀκούσαις
981 2241 1077 2325 αὐτὸς
1107 2243 1263 2312 incuria·

152 2372 205 2416 σεν
225 2389 269 2398 -
300 2355 421 2433 Τυροῦς
440 2344 549 2435 praed,
578 2355 630 2416 ubi
652 2355 845 2436 praecedenti
872 2354 1040 2436 pronomini
1065 2375 1121 2435 per
1144 2354 1262 2435 apposi-

150 2458 262 2518 tionem
283 2457 419 2517 additum
441 2459 489 2517 est
507 2448 599 2538 γενεά
610 2483 617 2532 ;
649 2461 680 2519 et
698 2458 803 2518 eodem
824 2457 911 2518 modo
934 2457 1099 2517 secundum
1119 2455 1264 2518 Boeokhii

151 2559 381 2640 explicationem
403 2559 558 2639 participio
581 2561 739 2622 masculini
760 2561 881 2639 generis
902 2560 1073 2641 appositum
1093 2561 1142 2619 est
1167 2551 1266 2632 ἔθνος

151 2683 178 2722 n.
196 2665 231 2738 5,
264 2665 304 2722 43
335 2657 532 2741 μεταΐξαντα
561 2656 618 2722 καὶ
646 2663 699 2724 νῦν
727 2657 801 2736 τεὸς
829 2654 959 2747 μάτρως
985 2653 1131 2744 ἀγάλλει,
1160 2655 1266 2723 κείνου

150 2755 338 2847 ὁμόσπορον
358 2755 500 2840 ἔθνοςῐ)

239 2868 410 2929 Audentius
432 2870 480 2928 est
501 2868 589 2946 frgm.
610 2870 671 2929 157
693 2860 774 2950 φίλα
794 2857 876 2928 τέκν’
899 2860 1054 2950 ἔπεφνεν,
1084 2861 1268 2944 θάλλοντας

151 2961 230 3052 ἥβᾳ,
264 2969 316 3029 ubi
338 2968 529 3048 participium
558 2971 629 3048 post
656 2988 764 3030 nomen
792 2969 924 3049 positum
949 2971 1012 3044 est3
1044 2972 1075 3031 ct
1099 2961 1200 3055 φόνος
1229 2972 1266 3032 de

150 3073 261 3134 femina
281 3073 395 3133 dictum
414 3072 589 3134 femininum
613 3074 721 3134 sumsit
738 3093 837 3152 genus
856 3076 930 3155 p.4,
954 3075 1017 3134 250
1036 3065 1187 3158 Μήδειαν
1207 3069 1266 3136 τόν

153 3171 278 3238 Πελίαο
301 3167 415 3260 φόνον,
452 3178 590 3256 quamvis
616 3179 724 3238 similia
750 3178 891 3259 exempla
915 3178 1060 3239 nonnulla
1089 3179 1170 3258 apud
1192 3179 1266 3240 alios

153 3281 346 3342 inveniantur
368 3281 485 3362 (Eurip.
505 3281 570 3363 Iph.
586 3281 655 3343 Aul.
677 3287 739 3343 794
761 3277 816 3366 τὴν
834 3276 935 3363 μόνον.
970 3281 1064 3342 Arist.
1080 3283 1186 3344 thesm.
1204 3285 1264 3343 541

152 3382 209 3470 τὴν
233 3381 381 3470 φθόρον).
398 3421 442 3431 -
476 3387 590 3448 Lenius
613 3390 676 3463 est,
705 3387 785 3468 quod
807 3381 901 3448 δόλον
921 3387 1093 3466 appositum
1116 3390 1164 3447 est
1184 3387 1267 3447 ferni·

72 3521 76 3527 f
153 3489 223 3550 nino
242 3490 425 3569 pronominis
448 3510 476 3571 p.
494 3495 529 3566 2,
552 3495 591 3551 39
614 3484 688 3551 ἅντε
710 3484 805 3551 δόλον
821 3524 864 3534 -
880 3483 996 3550 θέσαν.

242 3598 270 3654 2.
289 3593 451 3654 Praeterea
464 3595 635 3657 annotanda
641 3594 783 3654 uidentur
794 3592 938 3654 nonnulla
949 3592 1149 3669 substantiva,
1160 3594 1268 3674 quibus

154 3697 373 3757 femininum
396 3719 493 3777 genus
522 3702 576 3761 aut
602 3699 713 3778 ubique
740 3700 794 3758 aut
822 3696 975 3758 nonnullis
1001 3697 1075 3757 loeis
1099 3716 1118 3757 a
1139 3697 1268 3760 Pindaro

154 3801 294 3862 tribuitur
315 3804 420 3863 contra
442 3804 568 3865 aliorum
590 3803 770 3883 scriptorum
794 3821 897 3862 usum:
920 3791 1051 3879 Ἰσθμός
1067 3794 1269 3883 σλἈκρόγας

154 3905 226 3964 urbs
248 3905 374 3984 ubique,
397 3907 448 3968 ubi
468 3908 615 3987 distingui
636 3909 764 3988 possunt
786 3925 918 3985 genera;
941 3894 1018 3966 κιών
1040 3906 1166 3984 ubique;
1191 3897 1269 3968 αἰών

227 4147 252 4211 1)
271 4147 298 4196 Τ.
311 4147 481 4197 Mommsenus
499 4145 581 4204 ἔθνος
599 4146 677 4196 refert
694 4145 725 4195 ad
737 4145 890 4209 Aeginetae,
906 4146 937 4195 cl.
949 4144 1063 4196 libellum
1076 4161 1148 4209 quern
1165 4145 1268 4208 scripsit

156 4233 312 4299 „Pinderos
340 4233 516 4290 Kiel1sss.“
540 4250 598 4299 pag.
618 4239 650 4284 47
670 4237 695 4282 et
713 4231 849 4281 editionem
865 4231 1041 4296 novissimam
1067 4247 1116 4296 qua
1134 4231 1164 4280 de
1182 4247 1210 4280 re
1228 4230 1269 4278 de-

156 4335 256 4370 cernere
275 4334 326 4369 non
344 4318 434 4370 audeo.

200 4424 358 4476 Erdmann,
377 4423 414 4462 De
428 4421 522 4462 Pindari
535 4431 578 4461 usu
591 4421 726 4472 syntactlco.
1077 4407 1092 4462 l
